=LDR  00000nam a2200000Ia 4500
=008  150128s9999||||xx\||||||||||||||\||und||
=041  \\$aLanguage
=100  \\$aAuthor
=245  \\$aTitle
=260  \\$aPublication Place
=260  \\$bPublisher
=300  \\$aPages or Duration

