=LDR  00000nam a2200000Ia 4500
=008  150128s9999||||xx\||||||||||||||\||und||
=100  \\$a古 昂棺荽
=245  \\$a合 神 心 意
=260  \\$a台北
=260  \\$b以琳
=300  \\$a252

