=LDR  00000nam a2200000Ia 4500
=008  150128s9999||||xx\||||||||||||||\||und||
=041  \\$a國 語
=100  \\$a"Shurden, Walter B."
=245  \\$a浸信會教義與研究信徒的祭司職份
=260  \\$a美國
=260  \\$bConvention Press
=300  \\$a127p

