=LDR  00000nam a2200000Ia 4500
=008  150128s9999||||xx\||||||||||||||\||und||
=041  \\$a國 語
=100  \\$a李常受
=245  \\$a轉移時代的人
=260  \\$a台灣
=260  \\$b福 音 書 房
=300  \\$a39p

