=LDR  00000nam a2200000Ia 4500
=008  150128s9999||||xx\||||||||||||||\||und||
=041  \\$a國 語
=100  \\$a以琳聖樂組
=245  \\$a台語新歌1-4合訂本
=260  \\$a台灣
=260  \\$b以 琳
=300  \\$a600p

