=LDR  00000nam a2200000Ia 4500
=008  150128s9999||||xx\||||||||||||||\||und||
=041  \\$a國 語
=100  \\$a楊寧亞等
=245  \\$a教會藍圖 -由以弗所書看今日教會
=260  \\$a台灣
=260  \\$b華 神
=300  \\$a204p

