=LDR  00000nam a2200000Ia 4500
=008  150128s9999||||xx\||||||||||||||\||und||
=041  \\$a國 語
=100  \\$a"Wright, H.Norman"
=245  \\$a危機與協談
=260  \\$a台灣
=260  \\$b學 園
=300  \\$a240p

