=LDR  00000nam a2200000Ia 4500
=008  150128s9999||||xx\||||||||||||||\||und||
=041  \\$a國 語
=100  \\$a陳姳慧等
=245  \\$a走過外遇風暴
=260  \\$a美國
=260  \\$b台 福
=300  \\$a278p

