=LDR  00000nam a2200000Ia 4500
=008  150128s9999||||xx\||||||||||||||\||und||
=041  \\$a國 語
=100  \\$a蓋恩夫人
=245  \\$a簡易祈禱法
=260  \\$a台 灣
=260  \\$b福 音書 房
=300  \\$a68p

