=LDR  00000nam a2200000Ia 4500
=008  150128s9999||||xx\||||||||||||||\||und||
=041  \\$a國 語
=100  \\$a"Neighbour,Ralph W. Jr.& Wang,Lee Man Wang"
=245  \\$a細胞小組教會組長手冊
=260  \\$a香港
=260  \\$b高 接 觸
=300  \\$a344p

