=LDR  00000nam a2200000Ia 4500
=008  150128s9999||||xx\||||||||||||||\||und||
=041  \\$a國 語
=100  \\$a"Monson,Marie"
=245  \\$a中國大復興(1927-1937)
=260  \\$a台 灣
=260  \\$b大 光
=300  \\$a123

