=LDR  00000nam a2200000Ia 4500
=008  150128s9999||||xx\||||||||||||||\||und||
=041  \\$a國 語
=100  \\$a遠志明等
=245  \\$a撲向夢寐以求的故鄉
=260  \\$a美國
=260  \\$b中 信
=300  \\$a132p

