=LDR  00000nam a2200000Ia 4500
=008  150128s9999||||xx\||||||||||||||\||und||
=041  \\$a國 語
=100  \\$a黃清一
=245  \\$a比馬龍
=260  \\$a台灣
=260  \\$b校 園
=300  \\$a176p

