=LDR  00000nam a2200000Ia 4500
=008  150128s9999||||xx\||||||||||||||\||und||
=041  \\$a國 語
=100  \\$a"Augsburger,David"
=245  \\$a寬恕與自由
=260  \\$a美國
=260  \\$b翻 譯 中 心
=300  \\$a154p

