=LDR  00000nam a2200000Ia 4500
=008  150128s9999||||xx\||||||||||||||\||und||
=041  \\$a國 語
=100  \\$a陳勝政
=245  \\$a宣教之設計與實踐
=260  \\$a台 灣
=260  \\$b高 中 文 字 中 心
=300  \\$a248p

