=LDR  00000nam a2200000Ia 4500
=008  150128s9999||||xx\||||||||||||||\||und||
=041  \\$a國 語
=100  \\$a"Cummings,James E."
=245  \\$a新成立的教會問題
=260  \\$a台灣
=260  \\$b浸 宣
=300  \\$a161p

