=LDR  00000nam a2200000Ia 4500
=008  150128s9999||||xx\||||||||||||||\||und||
=041  \\$a國 語
=100  \\$a劉怡持
=245  \\$a耶和華是我的牧者
=260  \\$a香港
=260  \\$b夏 城 海 外 基 督 徒 團 契
=300  \\$a60p

