=LDR  00000nam a2200000Ia 4500
=008  150128s9999||||xx\||||||||||||||\||und||
=041  \\$a國 語
=100  \\$a"Foster,Richard J."
=245  \\$a基督徒看「性」
=260  \\$a香港
=260  \\$b基 道
=300  \\$a171p.

