=LDR  00000nam a2200000Ia 4500
=008  150128s9999||||xx\||||||||||||||\||und||
=041  \\$a國 語
=100  \\$a唐佑之
=245  \\$a深夜的心聲
=260  \\$a香港
=260  \\$b證 道
=300  \\$a75p

