=LDR  00000nam a2200000Ia 4500
=008  150128s9999||||xx\||||||||||||||\||und||
=100  \\$a校 園
=245  \\$a美詞泉湧(上)  ?12
=260  \\$a233p
=260  \\$b1993

