=LDR  00000nam a2200000Ia 4500
=008  150128s9999||||xx\||||||||||||||\||und||
=041  \\$a國 語
=100  \\$a倪柝聲
=245  \\$a創造的奧秘
=260  \\$a香港
=260  \\$b基 督 徒 出 版 社
=300  \\$a104p

