=LDR  00000nam a2200000Ia 4500
=008  150128s9999||||xx\||||||||||||||\||und||
=041  \\$a國 語
=100  \\$aUnknown
=245  \\$a出埃及記研究
=260  \\$a台灣
=260  \\$b人 光
=300  \\$a108p

