=LDR  00000nam a2200000Ia 4500
=008  150128s9999||||xx\||||||||||||||\||und||
=041  \\$a國 語
=100  \\$a"Turnbull,M.Ryerson"
=245  \\$a出埃及記自習指導
=260  \\$a台灣
=260  \\$b主 日 學
=300  \\$a102p

