=LDR  00000nam a2200000Ia 4500
=008  150128s9999||||xx\||||||||||||||\||und||
=041  \\$a國 語
=100  \\$a謝友王
=245  \\$a虛空與充滿
=260  \\$a香港
=260  \\$b種 籽
=300  \\$a309p

