=LDR  00000nam a2200000Ia 4500
=008  150128s9999||||xx\||||||||||||||\||und||
=041  \\$a國 語
=100  \\$a丘恩處等
=245  \\$a基督徒與敬祖-敬祖研討會彙編
=260  \\$a台灣
=260  \\$b中 國 與 福 音 出 版 社
=300  \\$a176p

