=LDR  00000nam a2200000Ia 4500
=008  150128s9999||||xx\||||||||||||||\||und||
=041  \\$a國 語
=100  \\$a徐松石
=245  \\$a箴言乳蜜
=260  \\$a香港
=260  \\$b浸 信 會
=300  \\$a270p

