=LDR  00000nam a2200000Ia 4500
=008  150128s9999||||xx\||||||||||||||\||und||
=041  \\$a國 語
=100  \\$a黃雪芬
=245  \\$a雅歌(靈命之庫)
=260  \\$a台灣
=260  \\$b靈 磐 書 室
=300  \\$a123p

