=LDR  00000nam a2200000Ia 4500
=008  150128s9999||||xx\||||||||||||||\||und||
=041  \\$a國 語
=100  \\$a微塵
=245  \\$a靈命之鑰-雅歌書之研究
=260  \\$a香港
=260  \\$b甘 霖
=300  \\$a104p

