=LDR  00000nam a2200000Ia 4500
=008  150128s9999||||xx\||||||||||||||\||und||
=041  \\$a國 語
=100  \\$a"Eaton, Michael A."
=245  \\$a丁道爾舊約聖經註釋﹕傳道書
=260  \\$a台灣
=260  \\$b校 園
=300  \\$a182p

