=LDR  00000nam a2200000Ia 4500
=008  150128s9999||||xx\||||||||||||||\||und||
=041  \\$a國 語
=100  \\$a"Hummel,Charles&Anne"
=245  \\$a開天闢地
=260  \\$a台灣
=260  \\$b校 園
=300  \\$a124p

