=LDR  00000nam a2200000Ia 4500
=008  150128s9999||||xx\||||||||||||||\||und||
=041  \\$a國 語
=100  \\$a鄭國治
=245  \\$a時代的使命
=260  \\$a馬來西亞
=260  \\$b學 園
=300  \\$a153p

