=LDR  00000nam a2200000Ia 4500
=008  150128s9999||||xx\||||||||||||||\||und||
=041  \\$a國 語
=100  \\$a"Kaung,Stephen"
=245  \\$a基督的門徒
=260  \\$a美國
=260  \\$b活 泉
=300  \\$a89p

