=LDR  00000nam a2200000Ia 4500
=008  150128s9999||||xx\||||||||||||||\||und||
=041  \\$a國 語
=100  \\$a"Meyer,F.B."
=245  \\$a青年之光
=260  \\$a香港
=260  \\$b聖 文
=300  \\$a99p

