=LDR  00000nam a2200000Ia 4500
=008  150128s9999||||xx\||||||||||||||\||und||
=041  \\$a國 語
=100  \\$a"Gosseff,Don"
=245  \\$a揚聲讚美
=260  \\$a台灣
=260  \\$b大 光
=300  \\$a136p

