=LDR  00000nam a2200000Ia 4500
=008  150128s9999||||xx\||||||||||||||\||und||
=041  \\$a國 語
=100  \\$a"Doddridge,Philip"
=245  \\$a生命的開端
=260  \\$a台灣
=260  \\$b改 革 宗
=300  \\$a66p

