=LDR  00000nam a2200000Ia 4500
=008  150128s9999||||xx\||||||||||||||\||und||
=041  \\$a國 語
=100  \\$a林治平
=245  \\$a我有一個夢
=260  \\$a台灣
=260  \\$b宇 宙 光
=300  \\$a162p

