=LDR  00000nam a2200000Ia 4500
=008  150128s9999||||xx\||||||||||||||\||und||
=041  \\$a國 語
=100  \\$a李登輝
=245  \\$a愛心與信心-李登輝總統證道集
=260  \\$a台灣
=260  \\$b宇 宙 光
=300  \\$a298p

