=LDR  00000nam a2200000Ia 4500
=008  150128s9999||||xx\||||||||||||||\||und||
=041  \\$a國 語
=100  \\$a滕近輝等
=245  \\$a啟示錄中的生命與事奉
=260  \\$a美國
=260  \\$b證 主 會
=300  \\$a150p

