=LDR  00000nam a2200000Ia 4500
=008  150128s9999||||xx\||||||||||||||\||und||
=041  \\$a國 語
=100  \\$a"Eastman,Dick"
=245  \\$a改變世界一小時
=260  \\$a台灣
=260  \\$b以 琳
=300  \\$a162p

