=LDR  00000nam a2200000Ia 4500
=008  150128s9999||||xx\||||||||||||||\||und||
=041  \\$a國 語
=100  \\$a"Foster,Richard J."
=245  \\$a屬靈操練禮讚-靈性增長之道
=260  \\$a香港
=260  \\$b福 音 閱 覽 室
=300  \\$a197p

