=LDR  00000nam a2200000Ia 4500
=008  150128s9999||||xx\||||||||||||||\||und||
=041  \\$a國 語
=100  \\$a韓偉等
=245  \\$a科學理智與信仰
=260  \\$a台灣
=260  \\$b宇 宙 光
=300  \\$a296p

