=LDR  00000nam a2200000Ia 4500
=008  150128s9999||||xx\||||||||||||||\||und||
=041  \\$a國 語
=100  \\$a吳勇等
=245  \\$a成全聖徒各盡其職
=260  \\$a美國
=260  \\$b證 主 會
=300  \\$a150p

