=LDR  00000nam a2200000Ia 4500
=008  150128s9999||||xx\||||||||||||||\||und||
=041  \\$a國 語
=100  \\$a"Peacock,Roy"
=245  \\$a愚夢初醒-一個科學家的信仰掙扎
=260  \\$a香港
=260  \\$b證 主
=300  \\$a230p

