=LDR  00000nam a2200000Ia 4500
=008  150128s9999||||xx\||||||||||||||\||und||
=041  \\$a國 語
=100  \\$aA Unknown Christian
=245  \\$a跪著的基督徒
=260  \\$a台灣
=260  \\$b橄 欖
=300  \\$a149p

