=LDR  00000nam a2200000Ia 4500
=008  150128s9999||||xx\||||||||||||||\||und||
=041  \\$a國 語
=100  \\$a"Christenson,Evelyn"
=245  \\$a禱告的震撼
=260  \\$a台灣
=260  \\$b學 園
=300  \\$a195p

