=LDR  00000nam a2200000Ia 4500
=008  150128s9999||||xx\||||||||||||||\||und||
=041  \\$a國 語
=100  \\$a"Shelley,Bruce"
=245  \\$a基督徒戰鬥的準備
=260  \\$a台灣
=260  \\$b浸 宣
=300  \\$a41p

