=LDR  00000nam a2200000Ia 4500
=008  150128s9999||||xx\||||||||||||||\||und||
=041  \\$a國 語
=100  \\$a王國顯等
=245  \\$a1997與香港基督徒
=260  \\$a香港
=260  \\$b聖 文 社
=300  \\$a88p

