=LDR  00000nam a2200000Ia 4500
=008  150128s9999||||xx\||||||||||||||\||und||
=041  \\$a國 語
=100  \\$a王明道
=245  \\$a人能建設神的國麼
=260  \\$a香港
=260  \\$b宣 道
=300  \\$a16

