=LDR  00000nam a2200000Ia 4500
=008  150128s9999||||xx\||||||||||||||\||und||
=041  \\$a國 語
=100  \\$a"Vos,Geerhardus"
=245  \\$a耶穌對天國的教訓
=260  \\$a台灣
=260  \\$b橄 欖
=300  \\$a74p

