=LDR  00000nam a2200000Ia 4500
=008  150128s9999||||xx\||||||||||||||\||und||
=041  \\$a國 語
=100  \\$a"Thompson,Phyllis"
=245  \\$a內地六巾幗
=260  \\$a台灣
=260  \\$b校 園
=300  \\$a122p

