=LDR  00000nam a2200000Ia 4500
=008  150128s9999||||xx\||||||||||||||\||und||
=041  \\$a國 語
=100  \\$a"Chavda,Mahesh"
=245  \\$a愛能創造神蹟
=260  \\$a美國
=260  \\$b愛 修 園
=300  \\$a142p

