=LDR  00000nam a2200000Ia 4500
=008  150128s9999||||xx\||||||||||||||\||und||
=041  \\$a國 語
=100  \\$a"Benton,John"
=245  \\$a刀鋒口上
=260  \\$a台灣
=260  \\$b大 光
=300  \\$a242p

