=LDR  00000nam a2200000Ia 4500
=008  150128s9999||||xx\||||||||||||||\||und||
=041  \\$a國 語
=100  \\$a"王峙 (wang,Wilson)"
=245  \\$a神的搭救
=260  \\$aunknown
=260  \\$bunknown
=300  \\$a77p

