=LDR  00000nam a2200000Ia 4500
=008  150128s9999||||xx\||||||||||||||\||und||
=041  \\$a國 語
=100  \\$a"Hockeet, Betty M."
=245  \\$a熾愛-棣慕華牧師在中國
=260  \\$a台灣
=260  \\$b宇 宙 光
=300  \\$a116p

