=LDR  00000nam a2200000Ia 4500
=008  150128s9999||||xx\||||||||||||||\||und||
=041  \\$a國 語
=100  \\$a"Dawson, Joy"
=245  \\$a與神為友
=260  \\$a台灣
=260  \\$b基 督 教
=300  \\$a133p

