=LDR  00000nam a2200000Ia 4500
=008  150128s9999||||xx\||||||||||||||\||und||
=041  \\$a國 語
=100  \\$a"Craig, Mary"
=245  \\$a傷殘帶來的祝福
=260  \\$a香港
=260  \\$b文 藝
=300  \\$a163p

