=LDR  00000nam a2200000Ia 4500
=008  150128s9999||||xx\||||||||||||||\||und||
=041  \\$a國 語
=100  \\$a約翰強森
=245  \\$a百年虛度
=260  \\$a台灣
=260  \\$b播 種
=300  \\$a28p

