=LDR  00000nam a2200000Ia 4500
=008  150128s9999||||xx\||||||||||||||\||und||
=041  \\$a國 語
=100  \\$a"Stott, John R.W."
=245  \\$a別埋沒你的頭腦
=260  \\$a香港
=260  \\$b種 籽
=300  \\$a75p

