=LDR  00000nam a2200000Ia 4500
=008  150128s9999||||xx\||||||||||||||\||und||
=041  \\$a國 語
=100  \\$a"Swindoll, Charles R."
=245  \\$a迎向人生(生活的掙扎)
=260  \\$a香港
=260  \\$b證 主
=300  \\$a130p

