=LDR  00000nam a2200000Ia 4500
=008  150128s9999||||xx\||||||||||||||\||und||
=041  \\$a國 語
=100  \\$a龔天民
=245  \\$a佛教常識問答集-佛教研究專題解答
=260  \\$a台灣
=260  \\$b校 園
=300  \\$a319p

