=LDR  00000nam a2200000Ia 4500
=008  150128s9999||||xx\||||||||||||||\||und||
=041  \\$a國 語
=100  \\$a王明道
=245  \\$a重生真義
=260  \\$a台灣
=260  \\$b浸 宣
=300  \\$a38p

