=LDR  00000nam a2200000Ia 4500
=008  150128s9999||||xx\||||||||||||||\||und||
=041  \\$a國 語
=100  \\$a"Packer, James I."
=245  \\$a認識神
=260  \\$a香港
=260  \\$b證 主
=300  \\$a234p

