=LDR  00000nam a2200000Ia 4500
=008  150128s9999||||xx\||||||||||||||\||und||
=041  \\$a國 語
=100  \\$a龔天民
=245  \\$a真理自明-基督教與佛教的比較
=260  \\$a台灣
=260  \\$b歸 主
=300  \\$a204p

