=LDR  00000nam a2200000Ia 4500
=008  150128s9999||||xx\||||||||||||||\||und||
=041  \\$a國 語
=100  \\$a"Taylor, Hudson"
=245  \\$a獻身中華
=260  \\$a香港
=260  \\$b宣 道
=300  \\$a201p

