=LDR  00000nam a2200000Ia 4500
=008  150128s9999||||xx\||||||||||||||\||und||
=041  \\$a國 語
=100  \\$a"Ball, charles Ferguson"
=245  \\$a天堂-聖經怎麼說
=260  \\$aUnknown
=260  \\$bUnknown
=300  \\$a106p

