=LDR  00000nam a2200000Ia 4500
=008  150128s9999||||xx\||||||||||||||\||und||
=041  \\$a國 語
=100  \\$a"Choy, Leona F."
=245  \\$a慕 w得烈傳
=260  \\$a台灣
=260  \\$b以 琳
=300  \\$a206

