=LDR  00000nam a2200000Ia 4500
=008  150128s9999||||xx\||||||||||||||\||und||
=041  \\$a國 語
=245  \\$a慕勒小傳
=260  \\$a台灣
=260  \\$b福 音書 房
=300  \\$a46p

