=LDR  00000nam a2200000Ia 4500
=008  150128s9999||||xx\||||||||||||||\||und||
=041  \\$a國 語
=100  \\$a溫偉耀
=245  \\$a共產主義與基督教
=260  \\$a香港
=260  \\$b天 道
=300  \\$a319p

