=LDR  00000nam a2200000Ia 4500
=008  150128s9999||||xx\||||||||||||||\||und||
=041  \\$a國 語
=100  \\$a"Olford, Stephen"
=245  \\$a來試試我-談基督教對金錢奉獻的態度
=260  \\$a台灣
=260  \\$b校 園
=300  \\$a139p

