=LDR  00000nam a2200000Ia 4500
=008  150128s9999||||xx\||||||||||||||\||und||
=041  \\$a國 語
=100  \\$a"Lioyd-Jones, D,Martyn"
=245  \\$a靈性低潮
=260  \\$a台灣
=260  \\$b證 主
=300  \\$a365p

