=LDR  00000nam a2200000Ia 4500
=008  150128s9999||||xx\||||||||||||||\||und||
=041  \\$a國 語
=100  \\$a倪柝聲
=245  \\$a人的破碎與靈的出來
=260  \\$a台灣
=260  \\$b福 音書 房
=300  \\$a119p

