=LDR  00000nam a2200000Ia 4500
=008  150128s9999||||xx\||||||||||||||\||und||
=041  \\$a國 語
=100  \\$a"史百克(Sparks, T.A.)"
=245  \\$a神對人失職的反應
=260  \\$a台灣
=260  \\$b見 證 書 室
=300  \\$a172p

