=LDR  00000nam a2200000Ia 4500
=008  150128s9999||||xx\||||||||||||||\||und||
=041  \\$a國 語
=100  \\$a麥金尼
=245  \\$a我怎樣討人喜歡
=260  \\$a台灣
=260  \\$b道 聲
=300  \\$a266p

