=LDR  00000nam a2200000Ia 4500
=008  150128s9999||||xx\||||||||||||||\||und||
=041  \\$a國 語
=100  \\$a"Jensen, Irving L."
=245  \\$a詹遜自助研經課程-馬可福音
=260  \\$a香港
=260  \\$b種 籽
=300  \\$a132p

