=LDR  00000nam a2200000Ia 4500
=008  150128s9999||||xx\||||||||||||||\||und||
=041  \\$a國 語
=100  \\$a楊其耀
=245  \\$a心理健康與人生
=260  \\$a台灣
=260  \\$b人 光
=300  \\$a83p

