=LDR  00000nam a2200000Ia 4500
=008  150128s9999||||xx\||||||||||||||\||und||
=041  \\$a國 語
=100  \\$a"Walters, Richard P."
=245  \\$a怒火中燒?怎辦？
=260  \\$a香港
=260  \\$b天 道
=300  \\$a164p

