=LDR  00000nam a2200000Ia 4500
=008  150128s9999||||xx\||||||||||||||\||und||
=041  \\$a國 語
=100  \\$a"Sparks, T.A."
=245  \\$a屬靈的首領
=260  \\$a台灣
=260  \\$b少 年 歸 主
=300  \\$a104p

