=LDR  00000nam a2200000Ia 4500
=008  150128s9999||||xx\||||||||||||||\||und||
=041  \\$a國 語
=100  \\$a"Warren, N.L."
=245  \\$a生命之路
=260  \\$a台灣
=260  \\$b證 道
=300  \\$a16p

