=LDR  00000nam a2200000Ia 4500
=008  150128s9999||||xx\||||||||||||||\||und||
=041  \\$a國 語
=100  \\$a盧家駇等
=245  \\$a重開與責任
=260  \\$a香港
=260  \\$b遠 東
=300  \\$a110p

