=LDR  00000nam a2200000Ia 4500
=008  150128s9999||||xx\||||||||||||||\||und||
=041  \\$a國 語
=100  \\$a"Wiersbe, Warren"
=245  \\$a學習作王
=260  \\$a台灣
=260  \\$b翻 譯 中 心
=300  \\$a242p

