=LDR  00000nam a2200000Ia 4500
=008  150128s9999||||xx\||||||||||||||\||und||
=041  \\$a國 語
=100  \\$a"Winter,Ralph D..."
=245  \\$a世界基督教運動面面觀
=260  \\$a香港
=260  \\$b證 主
=300  \\$a164p

