=LDR  00000nam a2200000Ia 4500
=008  150128s9999||||xx\||||||||||||||\||und||
=041  \\$a國 語
=245  \\$a清晨鐘聲
=260  \\$a台灣
=260  \\$b光 啟 社
=300  \\$a188p

