=LDR  00000nam a2200000Ia 4500
=008  150128s9999||||xx\||||||||||||||\||und||
=041  \\$a國 語
=100  \\$a"Pentecost,J.Dwight"
=245  \\$a願與你相交
=260  \\$a香港
=260  \\$b種 籽
=300  \\$a164p

