=LDR  00000nam a2200000Ia 4500
=008  150128s9999||||xx\||||||||||||||\||und||
=041  \\$a國 語
=100  \\$a"Colins,Gary R."
=245  \\$a心理輔導面面觀
=260  \\$a台灣
=260  \\$b大 光
=300  \\$a694p

