=LDR  00000nam a2200000Ia 4500
=008  150128s9999||||xx\||||||||||||||\||und||
=041  \\$a國 語
=100  \\$a黃彼得
=245  \\$a羅馬書精意
=260  \\$a香港
=260  \\$b聖 道
=300  \\$a280p

