=LDR  00000nam a2200000Ia 4500
=008  150128s9999||||xx\||||||||||||||\||und||
=041  \\$a國 語
=100  \\$a戴紹曾
=245  \\$a從使徒行傳看宣教與差傳
=260  \\$a台灣
=260  \\$b校 園
=300  \\$a182p

