=LDR  00000nam a2200000Ia 4500
=008  150128s9999||||xx\||||||||||||||\||und||
=041  \\$a國 語
=100  \\$a計志文
=245  \\$a恩上加恩
=260  \\$a香港
=260  \\$b中 國 佈 道 會
=300  \\$a100p

