=LDR  00000nam a2200000Ia 4500
=008  150128s9999||||xx\||||||||||||||\||und||
=041  \\$a國 語
=100  \\$a馮蔭坤
=245  \\$a擘開生命之餅
=260  \\$a香港
=260  \\$b基 道
=300  \\$a82p

