=LDR  00000nam a2200000Ia 4500
=008  150128s9999||||xx\||||||||||||||\||und||
=041  \\$a國 語
=100  \\$a蘇齊冰
=245  \\$a初信造就課程（卷三）
=260  \\$a香港
=260  \\$b證 道
=300  \\$a48p

