=LDR  00000nam a2200000Ia 4500
=008  150128s9999||||xx\||||||||||||||\||und||
=041  \\$a國 語
=100  \\$a"Stott,John R.W."
=245  \\$a新造的人
=260  \\$a香港
=260  \\$b證 道
=300  \\$a134p

