=LDR  00000nam a2200000Ia 4500
=008  150128s9999||||xx\||||||||||||||\||und||
=041  \\$a國 語
=245  \\$a力量泉源
=260  \\$a台灣
=260  \\$b道 聲
=300  \\$a227p

