=LDR  00000nam a2200000Ia 4500
=008  150128s9999||||xx\||||||||||||||\||und||
=041  \\$a國 語
=100  \\$a張曉風
=245  \\$a地毯的那一端
=260  \\$a台灣
=260  \\$b文 林
=300  \\$a182p

