=LDR  00000nam a2200000Ia 4500
=008  150128s9999||||xx\||||||||||||||\||und||
=041  \\$a國 語
=100  \\$a李不易
=245  \\$a耶穌傳
=260  \\$a台灣
=260  \\$b公 報 社
=300  \\$a173p

