=LDR  00000nam a2200000Ia 4500
=008  150128s9999||||xx\||||||||||||||\||und||
=041  \\$a國 語
=245  \\$a時代的領袖(士師記)
=260  \\$a香港
=260  \\$b播 道 會
=300  \\$a183p

