=LDR  00000nam a2200000Ia 4500
=008  150128s9999||||xx\||||||||||||||\||und||
=041  \\$a國 語
=100  \\$a趙天恩等
=245  \\$a植堂與拓展
=260  \\$a台灣
=260  \\$b中 國 福 音 會
=300  \\$a157p

