=LDR  00000nam a2200000Ia 4500
=008  150128s9999||||xx\||||||||||||||\||und||
=041  \\$a國 語
=100  \\$a史文森
=245  \\$a多種多收
=260  \\$a台灣
=260  \\$b教 會 增 長 促 進 會
=300  \\$a150p

