=LDR  00000nam a2200000Ia 4500
=008  150128s9999||||xx\||||||||||||||\||und||
=041  \\$a國 語
=100  \\$a"Bruce,F.F."
=245  \\$a馬太福音-新約卷釋
=260  \\$a香港
=260  \\$b香 港 讀 經 會
=300  \\$a92p

