=LDR  00000nam a2200000Ia 4500
=008  150128s9999||||xx\||||||||||||||\||und||
=041  \\$a國 語
=100  \\$a"Andersen, Olvind"
=245  \\$a救恩基本真理(羅馬書1-8章釋義)
=260  \\$a台灣
=260  \\$b中 國 基 督 教 信 義 會
=300  \\$a280p

