=LDR  00000nam a2200000Ia 4500
=008  150128s9999||||xx\||||||||||||||\||und||
=041  \\$a國 語
=100  \\$a"Jeremias, Joachim"
=245  \\$a山上寶訓
=260  \\$a台灣
=260  \\$b永 望
=300  \\$a43p

