=LDR  00000nam a2200000Ia 4500
=008  150128s9999||||xx\||||||||||||||\||und||
=041  \\$a國 語
=100  \\$a"Morgan,C.Campbell"
=245  \\$a傳揚耶穌基督
=260  \\$a台灣
=260  \\$b浸 宣
=300  \\$a207p

