=LDR  00000nam a2200000Ia 4500
=008  150128s9999||||xx\||||||||||||||\||und||
=041  \\$a國 語
=100  \\$a賈玉銘
=245  \\$a使徒傳道模範
=260  \\$a台灣
=260  \\$b少 年  歸 主
=300  \\$a278p

