=LDR  00000nam a2200000Ia 4500
=008  150128s9999||||xx\||||||||||||||\||und||
=041  \\$a國 語
=100  \\$a"Getz, Gene A."
=245  \\$a教會的身量
=260  \\$a香港
=260  \\$b證 道
=300  \\$a158p

