=LDR  00000nam a2200000Ia 4500
=008  150128s9999||||xx\||||||||||||||\||und||
=041  \\$a國 語
=100  \\$a唐佑之
=245  \\$a華人信徒在北美
=260  \\$a美國
=260  \\$b使 者
=300  \\$a120p

