=LDR  00000nam a2200000Ia 4500
=008  150128s9999||||xx\||||||||||||||\||und||
=041  \\$a國 語
=100  \\$a王連俊(約翰 )
=245  \\$a羅馬人書綱要
=260  \\$a台灣
=260  \\$b臺 北 聖 經 研 究 班
=300  \\$a82p

