=LDR  00000nam a2200000Ia 4500
=008  150128s9999||||xx\||||||||||||||\||und||
=041  \\$a國 語
=100  \\$a"Moore,Waylon B."
=245  \\$a栽培-新約聖經中栽培事工
=260  \\$a香港
=260  \\$b浸 信 會
=300  \\$a191p

