=LDR  00000nam a2200000Ia 4500
=008  150128s9999||||xx\||||||||||||||\||und||
=041  \\$a國 語
=100  \\$a"Henrichsen, Walter A."
=245  \\$a息息不斷的門徒訓練法
=260  \\$a香港
=260  \\$b亞 洲 歸 主 協 會
=300  \\$a103p

