=LDR  00000nam a2200000Ia 4500
=008  150128s9999||||xx\||||||||||||||\||und||
=041  \\$a國 語
=245  \\$a我的價值
=260  \\$a香港
=260  \\$b香 港 工 業 福 音 團 契
=300  \\$a92p

