=LDR  00000nam a2200000Ia 4500
=008  150128s9999||||xx\||||||||||||||\||und||
=041  \\$a國 語
=100  \\$a蘇穎睿 ?蘇劉君玉
=245  \\$a福音性研經
=260  \\$a香港
=260  \\$b基 督 徒 學 生 福 音 團 契
=300  \\$a141p

