=LDR  00000nam a2200000Ia 4500
=008  150128s9999||||xx\||||||||||||||\||und||
=041  \\$a國 語
=100  \\$a"Collins, Gary"
=245  \\$a你也能造成不一樣
=260  \\$a台灣
=260  \\$b學 園
=300  \\$a262p.

