=LDR  00000nam a2200000Ia 4500
=008  150128s9999||||xx\||||||||||||||\||und||
=041  \\$a國 語
=100  \\$a"Bonar, Andrew"
=245  \\$a搗出的油-敬虔使徒麥其尼
=260  \\$a台灣
=260  \\$b橄 欖
=300  \\$a171p

