=LDR  00000nam a2200000Ia 4500
=008  150128s9999||||xx\||||||||||||||\||und||
=041  \\$a國 語
=100  \\$a"Skinner, Betty Lee"
=245  \\$a建造生命之輪(下)門徒訓練之使徒卓道森
=260  \\$a台灣
=260  \\$b橄 欖
=300  \\$a192p

