=LDR  00000nam a2200000Ia 4500
=008  150128s9999||||xx\||||||||||||||\||und||
=041  \\$a國 語
=100  \\$aAn Unknown Christian
=245  \\$a從榮光到榮光
=260  \\$a台灣
=260  \\$b橄 欖
=300  \\$a119p

