=LDR  00000nam a2200000Ia 4500
=008  150128s9999||||xx\||||||||||||||\||und||
=041  \\$a國 語
=100  \\$a"Dunnam,Maxie;McCullough Donald;MacDonald Gordon"
=245  \\$a如何自我成長
=260  \\$a台灣
=260  \\$b主 日 學
=300  \\$a258p

