=LDR  00000nam a2200000Ia 4500
=008  150128s9999||||xx\||||||||||||||\||und||
=041  \\$a國 語
=245  \\$a來得生命(約翰福音1-12章)
=260  \\$a香港
=260  \\$b播 道 會
=300  \\$a189p

