=LDR  00000nam a2200000Ia 4500
=008  150128s9999||||xx\||||||||||||||\||und||
=041  \\$a國 語
=100  \\$a"Kuhne, Gary"
=245  \\$a有效的栽培工作
=260  \\$a香港
=260  \\$b種 籽
=300  \\$a214p

