=LDR  00000nam a2200000Ia 4500
=008  150128s9999||||xx\||||||||||||||\||und||
=041  \\$a國 語
=100  \\$a本仁約翰
=245  \\$a天路歷程
=260  \\$a台灣
=260  \\$b道 聲
=300  \\$a142p

