=LDR  00000nam a2200000Ia 4500
=008  150128s9999||||xx\||||||||||||||\||und||
=041  \\$a國 語
=100  \\$a寇世遠
=245  \\$a聖經人物
=260  \\$a台灣
=260  \\$b天 聲
=300  \\$a234p

