=LDR  00000nam a2200000Ia 4500
=008  150128s9999||||xx\||||||||||||||\||und||
=041  \\$a國 語
=100  \\$a"Cunningham,Loren & Kogers,Janice"
=245  \\$a"主,真是你嗎？-康寧漢和青年使命團的故事"
=260  \\$a台灣
=260  \\$b橄 欖
=300  \\$a211p

