=LDR  00000nam a2200000Ia 4500
=008  150128s9999||||xx\||||||||||||||\||und||
=041  \\$a國 語
=245  \\$a使徒行傳-增長小組手冊
=260  \\$a台灣
=260  \\$b人 光
=300  \\$a159p

