=LDR  00000nam a2200000Ia 4500
=008  150128s9999||||xx\||||||||||||||\||und||
=041  \\$a國 語
=100  \\$a"Tasker, R.V.G."
=245  \\$a約翰福音(丁道爾新約註釋)
=260  \\$a香港
=260  \\$b證 道
=300  \\$a187p.

