=LDR  00000nam a2200000Ia 4500
=008  150128s9999||||xx\||||||||||||||\||und||
=041  \\$a國 語
=100  \\$a"Barclay, William"
=245  \\$a羅馬書註釋
=260  \\$a香港
=260  \\$b基 文
=300  \\$a264p

