=LDR  00000nam a2200000Ia 4500
=008  150128s9999||||xx\||||||||||||||\||und||
=100  \\$a"Kuhne, Gary W."
=245  \\$a有效的門徒訓練
=260  \\$b種 籽

=LDR  00000nam a2200000Ia 4500
=008  150128s9999||||xx\||||||||||||||\||und||

