=LDR  00000nam a2200000Ia 4500
=008  150128s9999||||xx\||||||||||||||\||und||
=041  \\$a國 語
=100  \\$a"Sanders, Oswald J."
=245  \\$a屬靈領袖
=260  \\$a香港
=260  \\$b證 主
=300  \\$a198p

