=LDR  00000nam a2200000Ia 4500
=008  150128s9999||||xx\||||||||||||||\||und||
=041  \\$a國 語
=100  \\$a林道亮
=245  \\$a教會增長的秘訣
=260  \\$a台灣
=260  \\$b華 神
=300  \\$a60p

