=LDR  00000nam a2200000Ia 4500
=008  150128s9999||||xx\||||||||||||||\||und||
=041  \\$a國 語
=100  \\$a"Blaiklock, E.M."
=245  \\$a新約卷釋(羅馬書)
=260  \\$a香港
=260  \\$b讀 經 會  (香 港 )
=300  \\$a89p

