=LDR  00000nam a2200000Ia 4500
=008  150128s9999||||xx\||||||||||||||\||und||
=041  \\$a國 語
=100  \\$a"Wright,Rusty & Wright,Linda"
=245  \\$a心靈的共鳴
=260  \\$a台灣
=260  \\$b學 園
=300  \\$a233p

