=LDR  00000nam a2200000Ia 4500
=008  150128s9999||||xx\||||||||||||||\||und||
=041  \\$a國 語
=100  \\$a劉志良
=245  \\$a信徒自修查經課程-羅馬書
=260  \\$a香港
=260  \\$b角 聲
=300  \\$a0

