=LDR  00000nam a2200000Ia 4500
=008  150128s9999||||xx\||||||||||||||\||und||
=041  \\$a國 語
=100  \\$a蔡張敬玲
=245  \\$a人子耶穌-路加福音
=260  \\$a香港
=260  \\$b證 道
=300  \\$a193p

