=LDR  00000nam a2200000Ia 4500
=008  150128s9999||||xx\||||||||||||||\||und||
=100  \\$a焦源濂 
=245  \\$a基督生平(下)

=LDR  00000nam a2200000Ia 4500
=008  150128s9999||||xx\||||||||||||||\||und||

