=LDR  00000nam a2200000Ia 4500
=008  150128s9999||||xx\||||||||||||||\||und||
=041  \\$a國 語
=100  \\$a周天和
=245  \\$a山上寶訓的研究
=260  \\$a香港
=260  \\$b道 聲
=300  \\$a482p.

