=LDR  00000nam a2200000Ia 4500
=008  150128s9999||||xx\||||||||||||||\||und||
=041  \\$a國 語
=100  \\$aEd Wheat M.D.
=245  \\$a夫妻之愛
=260  \\$a台 灣
=260  \\$b大 光
=300  \\$a296p.

