=LDR  00000nam a2200000Ia 4500
=008  150128s9999||||xx\||||||||||||||\||und||
=041  \\$a國 語
=100  \\$aDean Merrill
=245  \\$a丈夫的畫像
=260  \\$a台 灣
=260  \\$b中信
=300  \\$a214p

