=LDR  00000nam a2200000Ia 4500
=008  150128s9999||||xx\||||||||||||||\||und||
=041  \\$a國 語
=100  \\$a劉宗楠／蘇玉真
=245  \\$a日新月異
=260  \\$a臺灣
=260  \\$b浸 宣
=300  \\$a248p

