=LDR  00000nam a2200000Ia 4500
=008  150128s9999||||xx\||||||||||||||\||und||
=041  \\$a國 語
=100  \\$a桑安柱
=245  \\$a青年人生階段
=260  \\$a香港
=260  \\$b甘霖出版社
=300  \\$a209p

