=LDR  00000nam a2200000Ia 4500
=008  150128s9999||||xx\||||||||||||||\||und||
=041  \\$a國 語
=100  \\$aJoyce Landort
=245  \\$a如何展現你的內在美
=260  \\$a台灣
=260  \\$b大光
=300  \\$a115p

