=LDR  00000nam a2200000Ia 4500
=008  150128s9999||||xx\||||||||||||||\||und||
=041  \\$a國 語
=100  \\$aJ.Allan Petersen
=245  \\$a作男人的藝術
=260  \\$a台灣
=260  \\$b證道
=300  \\$a265p

