=LDR  00000nam a2200000Ia 4500
=008  150128s9999||||xx\||||||||||||||\||und||
=041  \\$a國 語
=100  \\$a晏涵文／周神助
=245  \\$a中年的危機與轉機
=260  \\$a台灣
=260  \\$b校園
=300  \\$a118p

