=LDR  00000nam a2200000Ia 4500
=008  150128s9999||||xx\||||||||||||||\||und||
=041  \\$a國 語
=100  \\$a莊文生
=245  \\$a婚前預備
=260  \\$a台灣
=260  \\$b天恩
=300  \\$a96p

