=LDR  00000nam a2200000Ia 4500
=008  150128s9999||||xx\||||||||||||||\||und||
=041  \\$a國 語
=100  \\$aMary Ann Mayo
=245  \\$a家庭性教育
=260  \\$a台灣
=260  \\$b大光
=300  \\$a183p

