=LDR  00000nam a2200000Ia 4500
=008  150128s9999||||xx\||||||||||||||\||und||
=041  \\$a國 語
=100  \\$aJudson Swihart
=245  \\$a款款深情-- 夫妻溝通秘訣
=260  \\$a台灣
=260  \\$b校園
=300  \\$a139p

