=LDR  00000nam a2200000Ia 4500
=008  150128s9999||||xx\||||||||||||||\||und||
=041  \\$a國 語
=100  \\$aGorden MacDonald
=245  \\$a至愛吾家
=260  \\$a香港
=260  \\$b基督書樓

