=LDR  00000nam a2200000Ia 4500
=008  150128s9999||||xx\||||||||||||||\||und||
=041  \\$a國 語
=100  \\$a"Ghay Smalley,Steve Scott"
=245  \\$a如何抓住你妻子的心
=260  \\$a台灣
=260  \\$b橄欖
=300  \\$a202p

