=LDR  00000nam a2200000Ia 4500
=008  150128s9999||||xx\||||||||||||||\||und||
=041  \\$a國 語
=100  \\$a馮煒文
=245  \\$a那特別的一個
=260  \\$a香港
=260  \\$b種籽
=300  \\$a66p.

