=LDR  00000nam a2200000Ia 4500
=008  150128s9999||||xx\||||||||||||||\||und||
=041  \\$a國 語
=100  \\$a鄭連德
=245  \\$a建立幸福的家庭
=260  \\$a台灣
=260  \\$b三一
=300  \\$a201p.

