=LDR  00000nam a2200000Ia 4500
=008  150128s9999||||xx\||||||||||||||\||und||
=041  \\$a國 語
=100  \\$a王明道
=245  \\$a基督徒與婚姻
=260  \\$a香港
=260  \\$b宣道
=300  \\$a130p

