=LDR  00000nam a2200000Ia 4500
=008  150128s9999||||xx\||||||||||||||\||und||
=041  \\$a國 語
=100  \\$aDr Henry Brandt / Phil Landrum
=245  \\$a更上一層樓
=260  \\$a台灣
=260  \\$b主日學
=300  \\$a194p

