=LDR  00000nam a2200000Ia 4500
=008  150128s9999||||xx\||||||||||||||\||und||
=041  \\$a國 語
=100  \\$aCharlie W. Shedd
=245  \\$a致偉立書
=260  \\$a香港
=260  \\$b證道
=300  \\$a191p

