=LDR  00000nam a2200000Ia 4500
=008  150128s9999||||xx\||||||||||||||\||und||
=041  \\$a國 語
=100  \\$aCharli W. Shedd
=245  \\$a致嘉蘭書
=260  \\$a香港
=260  \\$b證道
=300  \\$a180p

