=LDR  00000nam a2200000Ia 4500
=008  150128s9999||||xx\||||||||||||||\||und||
=041  \\$a國 語
=100  \\$a郭嘉川
=245  \\$a怎樣做現代父母
=260  \\$a台灣
=260  \\$b主日學
=300  \\$a185p

