=LDR  00000nam a2200000Ia 4500
=008  150128s9999||||xx\||||||||||||||\||und||
=041  \\$a國 語
=100  \\$aChua Wee Hian
=245  \\$a一樣的愛 -- 從主愛談反哺
=260  \\$a台灣
=260  \\$b校園
=300  \\$a154p

