=LDR  00000nam a2200000Ia 4500
=008  150128s9999||||xx\||||||||||||||\||und||
=041  \\$a國 語
=100  \\$aDebbie Barr
=245  \\$a把愛找回來
=260  \\$a台灣
=260  \\$b天恩
=300  \\$a223p

