=LDR  00000nam a2200000Ia 4500
=008  150128s9999||||xx\||||||||||||||\||und||
=041  \\$a國 語
=100  \\$aJay Kesler
=245  \\$a青苗茁壯
=260  \\$a香港
=260  \\$b基 道
=300  \\$a0

