=LDR  00000nam a2200000Ia 4500
=008  150128s9999||||xx\||||||||||||||\||und||
=041  \\$a國 語
=100  \\$a葉高方
=245  \\$a婚前準備與輔導
=260  \\$a香港
=260  \\$b道聲
=300  \\$a253p.

