=LDR  00000nam a2200000Ia 4500
=008  150128s9999||||xx\||||||||||||||\||und||
=041  \\$a國 語
=100  \\$a蘇穎智
=245  \\$a婚前之盟 -- 婚前輔導課程(預習本)
=260  \\$a香港
=260  \\$b證道
=300  \\$a65p

