=LDR  00000nam a2200000Ia 4500
=008  150128s9999||||xx\||||||||||||||\||und||
=041  \\$a國 語
=100  \\$a蘇穎智，蘇李一慧
=245  \\$a盟誓之前-- 婚前輔導課程(講義本)
=260  \\$a香港
=260  \\$b證道
=300  \\$a143p

