=LDR  00000nam a2200000Ia 4500
=008  150128s9999||||xx\||||||||||||||\||und||
=041  \\$a國 語
=100  \\$aHoward G. Hendricks
=245  \\$a如何建立甜蜜溫馨的家庭
=260  \\$a台灣
=260  \\$b大光
=300  \\$a150p

