=LDR  00000nam a2200000Ia 4500
=008  150128s9999||||xx\||||||||||||||\||und||
=041  \\$a國 語
=100  \\$a簡春安
=245  \\$a幸福園
=260  \\$a台灣
=260  \\$b宇宙光
=300  \\$a230p

