=LDR  00000nam a2200000Ia 4500
=008  150128s9999||||xx\||||||||||||||\||und||
=041  \\$a國 語
=100  \\$aH.Norman Wright
=245  \\$a夫妻相處之道
=260  \\$a台灣
=260  \\$b大光
=300  \\$a274p

