=LDR  00000nam a2200000Ia 4500
=008  150128s9999||||xx\||||||||||||||\||und||
=041  \\$a國 語
=100  \\$a游宏湘
=245  \\$a同心同行
=260  \\$a台灣
=260  \\$b中信
=300  \\$a177p

