=LDR  00000nam a2200000Ia 4500
=008  150128s9999||||xx\||||||||||||||\||und||
=041  \\$a國 語
=100  \\$aCarole Sanderson Streeter
=245  \\$a譜出第二章
=260  \\$a台灣
=260  \\$b主日學
=300  \\$a193p

