=LDR  00000nam a2200000Ia 4500
=008  150128s9999||||xx\||||||||||||||\||und||
=041  \\$a國 語
=100  \\$aJo Berry
=245  \\$a如何向丈夫傳福音
=260  \\$a台灣
=260  \\$b大光
=300  \\$a215p

