=LDR  00000nam a2200000Ia 4500
=008  150128s9999||||xx\||||||||||||||\||und||
=041  \\$a國 語
=100  \\$a蘇文峰
=245  \\$a婚日
=260  \\$a美國
=260  \\$b使 者
=300  \\$a242p

