=LDR  00000nam a2200000Ia 4500
=008  150128s9999||||xx\||||||||||||||\||und||
=041  \\$a國 語
=100  \\$a蔡仁傑
=245  \\$a教牧看今日離婚問題
=260  \\$a台灣
=260  \\$b橄欖
=300  \\$a101p

