=LDR  00000nam a2200000Ia 4500
=008  150128s9999||||xx\||||||||||||||\||und||
=041  \\$a國 語
=100  \\$aWayne Mack
=245  \\$a更深的合一-- 基督徒的婚姻關係
=260  \\$a香港
=260  \\$b天道
=300  \\$a163p

