=LDR  00000nam a2200000Ia 4500
=008  150128s9999||||xx\||||||||||||||\||und||
=041  \\$a國 語
=100  \\$aEugenia Price
=245  \\$a寫給主的女兒
=260  \\$a香港
=260  \\$b種籽
=300  \\$a199p

