=LDR  00000nam a2200000Ia 4500
=008  150128s9999||||xx\||||||||||||||\||und||
=100  \\$aGien Karssen
=245  \\$a女人 ，上帝愛你
=260  \\$a台灣
=260  \\$b主日學
=300  \\$a208p

