=LDR  00000nam a2200000Ia 4500
=008  150128s9999||||xx\||||||||||||||\||und||
=041  \\$a國 語
=100  \\$aDr. James Dobson
=245  \\$a管與教
=260  \\$a香港
=260  \\$b証道
=300  \\$a183p

