=LDR  00000nam a2200000Ia 4500
=008  150128s9999||||xx\||||||||||||||\||und||
=041  \\$a國 語
=100  \\$aJay Kesler
=245  \\$a教養青少年的十大錯誤
=260  \\$a台灣
=260  \\$b大光
=300  \\$a177p

