=LDR  00000nam a2200000Ia 4500
=008  150128s9999||||xx\||||||||||||||\||und||
=041  \\$a國 語
=100  \\$aWayne Rice
=245  \\$a璞玉待琢，給青少年輔導
=260  \\$a台灣
=260  \\$b校園
=300  \\$a128p

