=LDR  00000nam a2200000Ia 4500
=008  150128s9999||||xx\||||||||||||||\||und||
=041  \\$a國 語
=100  \\$aLinda Davis
=245  \\$a丈夫未信主怎麼辦？
=260  \\$a台灣
=260  \\$b橄欖
=300  \\$a129p

