=LDR  00000nam a2200000Ia 4500
=008  150128s9999||||xx\||||||||||||||\||und||
=041  \\$a國 語
=100  \\$aH. Norman Wright
=245  \\$a婚前輔導
=260  \\$a香港
=260  \\$b佳音
=300  \\$a262p

