=LDR  00000nam a2200000Ia 4500
=008  150128s9999||||xx\||||||||||||||\||und||
=041  \\$a國 語
=100  \\$a"Howard J. Clinebell, Jr."
=245  \\$a促進婚姻美滿的成長協談
=260  \\$a台灣
=260  \\$b大光
=300  \\$a93

