=LDR  00000nam a2200000Ia 4500
=008  150128s9999||||xx\||||||||||||||\||und||
=041  \\$a國 語
=100  \\$aJoyce Huggett
=245  \\$a性 愛 ， 友 誼
=260  \\$a台北
=260  \\$b校園
=300  \\$a208p

