=LDR  00000nam a2200000Ia 4500
=008  150128s9999||||xx\||||||||||||||\||und||
=041  \\$a國 語
=100  \\$aDr. William S. Deal
=245  \\$a另 一 半 的 選 擇
=260  \\$a台灣
=260  \\$b大光
=300  \\$a90p

