=LDR  00000nam a2200000Ia 4500
=008  150128s9999||||xx\||||||||||||||\||und||
=041  \\$a國 語
=100  \\$aJames Dobson
=245  \\$a幸 福 人 生 小 百 科
=260  \\$a台北
=260  \\$b大光
=300  \\$a626p

