=LDR  00000nam a2200000Ia 4500
=008  150128s9999||||xx\||||||||||||||\||und||
=041  \\$a國 語
=100  \\$aH. Norman Wright
=245  \\$a夫 妻 溝 通 技 巧
=260  \\$a台北
=260  \\$b大光
=300  \\$a244p

