=LDR  00000nam a2200000Ia 4500
=008  150128s9999||||xx\||||||||||||||\||und||
=041  \\$a國 語
=100  \\$a高 見 澤 潤 子
=245  \\$a夫 妻 生 活
=260  \\$a台 灣
=260  \\$b教 會 公報
=300  \\$a173p

