=LDR  00000nam a2200000Ia 4500
=008  150128s9999||||xx\||||||||||||||\||und||
=041  \\$a國 語
=100  \\$a曾 野 凌 子
=245  \\$a繼 ： 為 誰 而 愛
=260  \\$a台 灣
=260  \\$b教 會 公 報
=300  \\$a173p

