=LDR  00000nam a2200000Ia 4500
=008  150128s9999||||xx\||||||||||||||\||und||
=041  \\$a國 語
=100  \\$aDr. Lames Dobson
=245  \\$a堅 軔 的 愛 -- 婚 姻 危 機 中 的新希望
=260  \\$a台灣
=260  \\$b大光
=300  \\$a260p

