=LDR  00000nam a2200000Ia 4500
=008  150128s9999||||xx\||||||||||||||\||und||
=041  \\$a國 語
=100  \\$aDavid R. Mace
=245  \\$a婚 前 應 作 的 準 備
=260  \\$a香港
=260  \\$b文 藝
=300  \\$a116p

