=LDR  00000nam a2200000Ia 4500
=008  150128s9999||||xx\||||||||||||||\||und||
=041  \\$a國 語
=100  \\$a何 潔 貞
=245  \\$a男 女 有 別
=260  \\$a香港
=260  \\$b突破
=300  \\$a160p

