=LDR  00000nam a2200000Ia 4500
=008  150128s9999||||xx\||||||||||||||\||und||
=041  \\$a國 語
=100  \\$aHoward Clinabell Jr
=245  \\$a美 滿 姻 緣 -- 婚 前 婚 後 的成長輔導
=260  \\$a香港
=260  \\$b道聲
=300  \\$a104p

