=LDR  00000nam a2200000Ia 4500
=008  150128s9999||||xx\||||||||||||||\||und||
=041  \\$a國 語
=100  \\$aDoug Fields / Todd Temple
=245  \\$a約 會 高 手
=260  \\$a台北
=260  \\$b大光
=300  \\$a150p

