=LDR  00000nam a2200000Ia 4500
=008  150128s9999||||xx\||||||||||||||\||und||
=041  \\$a國 語
=100  \\$aJudy Downs Douglass
=245  \\$a媽 媽 能 做 甚 麼？
=260  \\$a台灣
=260  \\$b學園
=300  \\$a239p

