=LDR  00000nam a2200000Ia 4500
=008  150128s9999||||xx\||||||||||||||\||und||
=041  \\$a國 語
=100  \\$a柏 本 昭
=245  \\$a父 母 與 子 女 的 心 理 衛 生
=260  \\$a台 灣
=260  \\$b教 會 公報
=300  \\$a238p

