=LDR  00000nam a2200000Ia 4500
=008  150128s9999||||xx\||||||||||||||\||und||
=041  \\$a國 語
=100  \\$a蘇 文 峰
=245  \\$a給 他 們 時 間 長 大
=260  \\$a台北
=260  \\$b校園
=300  \\$a144p

