=LDR  00000nam a2200000Ia 4500
=008  150128s9999||||xx\||||||||||||||\||und||
=041  \\$a國 語
=100  \\$aGregg Lewis & Tim Stafford
=245  \\$a如 何 讓 父 母 了 解 我
=260  \\$a台北
=260  \\$b大光
=300  \\$a215p

