=LDR  00000nam a2200000Ia 4500
=008  150128s9999||||xx\||||||||||||||\||und||
=041  \\$a國 語
=100  \\$aBrother David
=245  \\$a走 窄 路 -- 王 明 道 真 實 故 事
=260  \\$a香港
=260  \\$b基道
=300  \\$a91p

