=LDR  00000nam a2200000Ia 4500
=008  150128s9999||||xx\||||||||||||||\||und||
=041  \\$a國 語
=100  \\$a"La Haye, Bervely"
=245  \\$a如 何 培 育 健 全 的 下 一 代
=260  \\$a台灣
=260  \\$b主日學
=300  \\$a249p

