=LDR  00000nam a2200000Ia 4500
=008  150128s9999||||xx\||||||||||||||\||und||
=041  \\$a國 語
=100  \\$aJill Renich
=245  \\$a怎 麼 辦 ？  兒 女 的 性 問 題
=260  \\$a台 灣
=260  \\$b主日學
=300  \\$a58p

