=LDR  00000nam a2200000Ia 4500
=008  150128s9999||||xx\||||||||||||||\||und||
=041  \\$a國 語
=100  \\$aBruce Narramore
=245  \\$a為 甚 麼 兒 童 會 有 不 良 行 為
=260  \\$a台灣
=260  \\$b大光
=300  \\$a157p

