=LDR  00000nam a2200000Ia 4500
=008  150128s9999||||xx\||||||||||||||\||und||
=041  \\$a國 語
=100  \\$a竹 君
=245  \\$a愛 的 雕 琢 -- 如 何 作 成 功 的 父 母
=260  \\$a香港
=260  \\$b宣道
=300  \\$a197p

