=LDR  00000nam a2200000Ia 4500
=008  150128s9999||||xx\||||||||||||||\||und||
=041  \\$a國 語
=100  \\$aRoss Campbell
=245  \\$a如 何 愛 你 的 孩 子
=260  \\$a台灣
=260  \\$b大光
=300  \\$a149p

