=LDR  00000nam a2200000Ia 4500
=008  150128s9999||||xx\||||||||||||||\||und||
=041  \\$a國 語
=100  \\$a王 國 顯
=245  \\$a行 過 了 死 蔭 的 幽 谷
=260  \\$a香港
=260  \\$b晨星
=300  \\$a160p

