=LDR  00000nam a2200000Ia 4500
=008  150128s9999||||xx\||||||||||||||\||und||
=041  \\$a國 語
=100  \\$a張 邵 伯 利
=245  \\$a一 張 東 方 臉 的 孩 子
=260  \\$a台灣
=260  \\$b校園
=300  \\$a100p

