=LDR  00000nam a2200000Ia 4500
=008  150128s9999||||xx\||||||||||||||\||und||
=041  \\$a國 語
=100  \\$a寇 世 遠
=245  \\$a被 恩 待 與 被 憐 憫
=260  \\$a台灣
=260  \\$b宇宙光
=300  \\$a280p

