=LDR  00000nam a2200000Ia 4500
=008  150128s9999||||xx\||||||||||||||\||und||
=041  \\$a國 語
=100  \\$a邵 慶 彰
=245  \\$a祂 創 造 祂 成 終
=260  \\$a台灣
=260  \\$b宇宙光
=300  \\$a292p

