=LDR  00000nam a2200000Ia 4500
=008  150128s9999||||xx\||||||||||||||\||und||
=041  \\$a國 語
=100  \\$a宋 尚 節
=245  \\$a我 的 見 證
=260  \\$a香港
=260  \\$b晨星
=300  \\$a122p

