=LDR  00000nam a2200000Ia 4500
=008  150128s9999||||xx\||||||||||||||\||und||
=041  \\$a國 語
=100  \\$a何 荔 璇
=245  \\$a心 聲 片 片
=260  \\$a台北
=260  \\$b天聲
=300  \\$a445p

