=LDR  00000nam a2200000Ia 4500
=008  150128s9999||||xx\||||||||||||||\||und||
=041  \\$a國 語
=100  \\$a吳 元 晃
=245  \\$a誰 擦 乾 我 的 眼 淚
=260  \\$a台灣
=260  \\$b校園
=300  \\$a308p

