=LDR  00000nam a2200000Ia 4500
=008  150128s9999||||xx\||||||||||||||\||und||
=041  \\$a國 語
=100  \\$a王 明 道
=245  \\$a五 十 年 來
=260  \\$a香港
=260  \\$b晨星
=300  \\$a305p

