=LDR  00000nam a2200000Ia 4500
=008  150128s9999||||xx\||||||||||||||\||und||
=041  \\$a國 語
=100  \\$a滌 然
=245  \\$a一 場 好 哭
=260  \\$a台灣
=260  \\$b中信
=300  \\$a116p

