=LDR  00000nam a2200000Ia 4500
=008  150128s9999||||xx\||||||||||||||\||und||
=041  \\$a國 語
=100  \\$a莊 淑 珍
=245  \\$a婦 女 教 育 手 冊 (2)
=260  \\$a台灣
=260  \\$b長老會
=300  \\$a162p

