=LDR  00000nam a2200000Ia 4500
=008  150128s9999||||xx\||||||||||||||\||und||
=041  \\$a國 語
=100  \\$aJim & Sally Conway
=245  \\$a中 年 婦 女 的 危 機
=260  \\$a台北
=260  \\$b雅歌
=300  \\$a264p

