=LDR  00000nam a2200000Ia 4500
=008  150128s9999||||xx\||||||||||||||\||und||
=041  \\$a國 語
=100  \\$a謝 瀛 華 等
=245  \\$a男 人 ， 難
=260  \\$a台灣
=260  \\$b宇宙光
=300  \\$a249p

