=LDR  00000nam a2200000Ia 4500
=008  150128s9999||||xx\||||||||||||||\||und||
=041  \\$a國 語
=100  \\$aDavid Wilkerson/Claire Cox
=245  \\$a責 無 旁 貸
=260  \\$a台灣
=260  \\$b主日學
=300  \\$a220p

