=LDR  00000nam a2200000Ia 4500
=008  150128s9999||||xx\||||||||||||||\||und||
=041  \\$a國 語
=100  \\$a白 井 常
=245  \\$a幼 兒 的 教 養
=260  \\$a台 灣
=260  \\$b教 會 公報
=300  \\$a124p

