=LDR  00000nam a2200000Ia 4500
=008  150128s9999||||xx\||||||||||||||\||und||
=041  \\$a國 語
=100  \\$aClyde M Narramore
=245  \\$a兒 童 性 教 育
=260  \\$a香港
=260  \\$b種籽
=300  \\$a119

