=LDR  00000nam a2200000Ia 4500
=008  150128s9999||||xx\||||||||||||||\||und||
=041  \\$a國 語
=100  \\$aEarl D. Wilson
=245  \\$a陪 他 成 長
=260  \\$a台北
=260  \\$b主日學
=300  \\$a286p

