=LDR  00000nam a2200000Ia 4500
=008  150128s9999||||xx\||||||||||||||\||und||
=041  \\$a國 語
=100  \\$aZig Ziglar
=245  \\$a如 何 教 養 21 世 紀 的 兒 童
=260  \\$a台灣
=260  \\$b大光
=300  \\$a312p

