=LDR  00000nam a2200000Ia 4500
=008  150128s9999||||xx\||||||||||||||\||und||
=041  \\$a英 語
=100  \\$aJ.B.Jenkins
=245  \\$a"Thank you, Good-bye"
=260  \\$aUSA
=260  \\$bNelson
=300  \\$a142p

