=LDR  00000nam a2200000Ia 4500
=008  150128s9999||||xx\||||||||||||||\||und||
=041  \\$a英 語
=100  \\$aJ.B. Jenkins
=245  \\$aMurder Behind Bars
=260  \\$aUSA
=260  \\$bNelson
=300  \\$a131p

