=LDR  00000nam a2200000Ia 4500
=008  150128s9999||||xx\||||||||||||||\||und||
=041  \\$a英 語
=100  \\$aSigmurd Brouwer
=245  \\$aPhantom Outlaw at Wolf Creek
=260  \\$aUSA
=260  \\$bVictor Books
=300  \\$a130p

