=LDR  00000nam a2200000Ia 4500
=008  150128s9999||||xx\||||||||||||||\||und||
=041  \\$a英 語
=100  \\$aRoger Elwood
=245  \4$aThe Frankenstein Project
=260  \\$aUSA
=260  \\$bWord Publishing
=300  \\$a119p

