=LDR  00000nam a2200000Ia 4500
=008  150128s9999||||xx\||||||||||||||\||und||
=041  \\$a英 語
=100  \\$aSigmund Brouwer
=245  \4$aThe Missing Map of Private's Haven
=260  \\$aUSA
=260  \\$bVictor Books
=300  \\$a130p

