=LDR  00000nam a2200000Ia 4500
=008  150128s9999||||xx\||||||||||||||\||und||
=041  \\$a英 語
=100  \\$aGeorge MacDonal
=245  \4$aThe Princess and the Goblin
=260  \\$aUSA
=260  \\$bGrosset & Dunlap
=300  \\$a273p

