=LDR  00000nam a2200000Ia 4500
=008  150128s9999||||xx\||||||||||||||\||und||
=041  \\$a英 語
=100  \\$aHilda Stahl
=245  \\$aSadie Rose and the Double Secret
=260  \\$aUSA
=260  \\$bCrossway Books
=300  \\$a127p

