=LDR  00000nam a2200000Ia 4500
=008  150128s9999||||xx\||||||||||||||\||und||
=041  \\$a英 語
=100  \\$aC.S. Lewis
=245  \\$aPrince Caspian
=260  \\$aUSA
=260  \\$bMacMillan
=300  \\$a216p

