=LDR  00000nam a2200000Ia 4500
=008  150128s9999||||xx\||||||||||||||\||und||
=041  \\$a英 語
=100  \\$aC.S. Lewis
=245  \4$aThe Silver Chair
=260  \\$aUSA
=260  \\$bCollier Books
=300  \\$a217p

