=LDR  00000nam a2200000Ia 4500
=008  150128s9999||||xx\||||||||||||||\||und||
=041  \\$a英 語
=100  \\$aFrank Peretti
=245  \\$aEscape From the Island of Aquarius
=260  \\$aUSA
=260  \\$bCrossway Books
=300  \\$a160p

