=LDR  00000nam a2200000Ia 4500
=008  150128s9999||||xx\||||||||||||||\||und||
=100  \\$aFrank Peretti
=245  \4$aThe Tombs of Anak
=260  \\$aUSA
=260  \\$bCrossway Books
=300  \\$a143p

