=LDR  00000nam a2200000Ia 4500
=008  150128s9999||||xx\||||||||||||||\||und||
=041  \\$a英 語
=100  \\$aColleen Reece
=245  \\$aDelayed Dream
=260  \\$aUSA
=260  \\$bBarbour and Company
=300  \\$a190

