=LDR  00000nam a2200000Ia 4500
=008  150128s9999||||xx\||||||||||||||\||und||
=041  \\$a英 語
=100  \\$aJudy Baer
=245  \\$aNew Girl in Town
=260  \\$aUSA
=260  \\$bBethany
=300  \\$a141p

