=LDR  00000nam a2200000Ia 4500
=008  150128s9999||||xx\||||||||||||||\||und||
=041  \\$a英 語
=100  \\$aJudy Baer
=245  \\$aSilent Tear No More
=260  \\$aUSA
=260  \\$bBethany House
=300  \\$a141p

