=LDR  00000nam a2200000Ia 4500
=008  150128s9999||||xx\||||||||||||||\||und||
=041  \\$a英 語
=100  \\$aLawrence O. Richards
=245  \\$aIt couldn't Just Happen - Fascinating Facts About God's World
=260  \\$aUSA
=260  \\$bWorld Publishing
=300  \\$a191p

