=LDR  00000nam a2200000Ia 4500
=008  150128s9999||||xx\||||||||||||||\||und||
=041  \\$a英 語
=100  \\$aPhil Keller
=245  \2$aA Child's Look at the Twenty-third Psalms
=260  \\$aUSA
=260  \\$bDouble Day
=300  \\$a94p

