=LDR  00000nam a2200000Ia 4500
=008  150128s9999||||xx\||||||||||||||\||und||
=041  \\$a英 語
=100  \\$aBarry Clair
=245  \\$aFollowing Jesus
=260  \\$aUSA
=260  \\$bVictor Books
=300  \\$a126p

