=LDR  00000nam a2200000Ia 4500
=008  150128s9999||||xx\||||||||||||||\||und||
=041  \\$a英 語
=100  \\$aSandra Drescher
=245  \\$aJust Between God and Me
=260  \\$aUSA
=260  \\$bZondervan Publishing
=300  \\$a0

