=LDR  00000nam a2200000Ia 4500
=008  150128s9999||||xx\||||||||||||||\||und||
=041  \\$a英 語
=100  \\$aRickly Christian
=245  \\$aAlive 1
=260  \\$aUSA
=260  \\$bZondervan
=300  \\$a274p

