=LDR  00000nam a2200000Ia 4500
=008  150128s9999||||xx\||||||||||||||\||und||
=041  \\$a英 語
=100  \\$aRickly Christian
=245  \\$aAlive 2
=260  \\$aUSA
=260  \\$bCampuslite
=300  \\$a295p

