=LDR  00000nam a2200000Ia 4500
=008  150128s9999||||xx\||||||||||||||\||und||
=041  \\$a英 語
=100  \\$aBarry St. Clair
=245  \\$aDating -- Picking (and Being) a Winner
=260  \\$aUSA
=260  \\$bHere's Life
=300  \\$a162p

