=LDR  00000nam a2200000Ia 4500
=008  150128s9999||||xx\||||||||||||||\||und||
=041  \\$a英 語
=100  \\$aDallas Grotten
=245  \\$aWinning isn't Always 1st Place
=260  \\$aUSA
=260  \\$bBethany
=300  \\$a158p

