=LDR  00000nam a2200000Ia 4500
=008  150128s9999||||xx\||||||||||||||\||und||
=041  \\$a英 語
=100  \\$aBill Greenman
=245  \\$aHow to Find Your Purpose in Life
=260  \\$aUSA
=260  \\$bWhitaker House
=300  \\$a0

