=LDR  00000nam a2200000Ia 4500
=008  150128s9999||||xx\||||||||||||||\||und||
=041  \\$a英 語
=100  \\$aJohn Stott
=245  \\$aBasic Christianity
=260  \\$aUSA
=260  \\$bInter-Varsity
=300  \\$a142p

