=LDR  00000nam a2200000Ia 4500
=008  150128s9999||||xx\||||||||||||||\||und||
=041  \\$a英 語
=100  \\$aBrent  Bill
=245  \\$aStuff Your Guidance Counselor Never Told You
=260  \\$aUSA
=260  \\$bPower Book
=300  \\$a188p

