=LDR  00000nam a2200000Ia 4500
=008  150128s9999||||xx\||||||||||||||\||und||
=041  \\$a英 語
=100  \\$aJim Burns
=245  \\$aRadical Respect
=260  \\$aUSA
=260  \\$bHarvest House
=300  \\$a230p

