=LDR  00000nam a2200000Ia 4500
=008  150128s9999||||xx\||||||||||||||\||und||
=041  \\$a國 語
=100  \\$a林 大 年
=245  \\$a新 造 的 人
=260  \\$a香港
=260  \\$b晨星
=300  \\$a39p.

