=LDR  00000nam a2200000Ia 4500
=008  150128s9999||||xx\||||||||||||||\||und||
=041  \\$a國 語
=100  \\$a吳 恩 溥
=245  \\$a得 救 與 永 遠 得 救
=260  \\$a香港
=260  \\$b宣道
=300  \\$a76p

