=LDR  00000nam a2200000Ia 4500
=008  150128s9999||||xx\||||||||||||||\||und||
=041  \\$a國 語
=100  \\$a劉 煥 俊
=245  \\$a洗 禮 問 答
=260  \\$a台 灣
=260  \\$b長青
=300  \\$a35p

