=LDR  00000nam a2200000Ia 4500
=008  150128s9999||||xx\||||||||||||||\||und||
=041  \\$a國 語
=100  \\$aW.N.
=245  \\$a受 浸 的 得 救
=260  \\$a香港
=260  \\$b活泉
=300  \\$a26

