=LDR  00000nam a2200000Ia 4500
=008  150128s9999||||xx\||||||||||||||\||und||
=041  \\$a國 語
=245  \\$a赦 罪 及 認 罪
=260  \\$a香港
=260  \\$b活泉
=300  \\$a26p

