=LDR  00000nam a2200000Ia 4500
=008  150128s9999||||xx\||||||||||||||\||und||
=041  \\$a國 語
=245  \\$a你 知 道 自 己 得 救 麼？
=260  \\$a台灣
=260  \\$bUnknown
=300  \\$a20p

