=LDR  00000nam a2200000Ia 4500
=008  150128s9999||||xx\||||||||||||||\||und||
=041  \\$a國 語
=100  \\$aBasilea Schlink
=245  \\$a悔 改 -- 喜 樂 充 滿 的 生 命
=260  \\$a台北
=260  \\$b少年歸 主
=300  \\$a64p

