=LDR  00000nam a2200000Ia 4500
=008  150128s9999||||xx\||||||||||||||\||und||
=041  \\$a國 語
=245  \\$a至聖神人孫大信的信心歷程
=260  \\$a台 灣
=260  \\$b長老會
=300  \\$a124p

