=LDR  00000nam a2200000Ia 4500
=008  150128s9999||||xx\||||||||||||||\||und||
=041  \\$a國 語
=100  \\$a倪柝聲
=245  \\$a正常的基督徒生活
=260  \\$a台灣
=260  \\$b福音 書 房
=300  \\$a280p

