=LDR  00000nam a2200000Ia 4500
=008  150128s9999||||xx\||||||||||||||\||und||
=041  \\$a國 語
=100  \\$a"Barclay, William"
=245  \\$a當你求
=260  \\$a台 灣
=260  \\$b大光
=300  \\$a151p

