=LDR  00000nam a2200000Ia 4500
=008  150128s9999||||xx\||||||||||||||\||und||
=100  \\$a薛玉光
=245  \\$a你可以看見神
=260  \\$a台 灣 ?72p
=260  \\$b校園

