=LDR  00000nam a2200000Ia 4500
=008  150128s9999||||xx\||||||||||||||\||und||
=041  \\$a國 語
=100  \\$a薛玉光
=245  \\$a西羅亞的緩流
=260  \\$a台灣
=260  \\$b校園
=300  \\$a117p

