=LDR  00000nam a2200000Ia 4500
=008  150128s9999||||xx\||||||||||||||\||und||
=041  \\$a國 語
=100  \\$a校園
=245  \\$a給初信者
=260  \\$a台灣
=260  \\$b校園
=300  \\$a105p

