=LDR  00000nam a2200000Ia 4500
=008  150128s9999||||xx\||||||||||||||\||und||
=041  \\$a國 語
=100  \\$a黃志強
=245  \\$a救恩三部曲
=260  \\$a香港
=260  \\$b浸信會
=300  \\$a35p

