=LDR  00000nam a2200000Ia 4500
=008  150128s9999||||xx\||||||||||||||\||und||
=041  \\$a國 語
=100  \\$aF.B. Meyer
=245  \\$a神引導的秘訣
=260  \\$a美國
=260  \\$b活泉
=300  \\$a97p

