=LDR  00000nam a2200000Ia 4500
=008  150128s9999||||xx\||||||||||||||\||und||
=041  \\$a國 語
=100  \\$a"Ken, Barbara Hughes"
=245  \\$a走出成功的陰影
=260  \\$a台灣
=260  \\$b校園
=300  \\$a222p

