=LDR  00000nam a2200000Ia 4500
=008  150128s9999||||xx\||||||||||||||\||und||
=041  \\$a國 語
=100  \\$aE.L. Hamilton
=245  \\$a天國的律例與法則
=260  \\$a台灣
=260  \\$b錫安堂
=300  \\$a102p

