=LDR  00000nam a2200000Ia 4500
=008  150128s9999||||xx\||||||||||||||\||und||
=041  \\$a國 語
=100  \\$aCharlie Riggs
=245  \\$a與神同行 -- 基督徒成長12課
=260  \\$a香港
=260  \\$b天道
=300  \\$a214p

