=LDR  00000nam a2200000Ia 4500
=008  150128s9999||||xx\||||||||||||||\||und||
=041  \\$a國 語
=100  \\$aDaniel Huang
=245  \\$a俄軍南下中東
=260  \\$a台北
=260  \\$b橄欖
=300  \\$a153p

