=LDR  00000nam a2200000Ia 4500
=008  150128s9999||||xx\||||||||||||||\||und||
=041  \\$a國 語
=100  \\$aWilliam Soothill
=245  \\$a李提摩太傳
=260  \\$a香港
=260  \\$b基 文
=300  \\$a77p

