=LDR  00000nam a2200000Ia 4500
=008  150128s9999||||xx\||||||||||||||\||und||
=041  \\$a國 語
=100  \\$a"Skinner, Betty Lee"
=245  \\$a建 造 生 命 之 輪（上）門徒訓練
=260  \\$a台 灣
=260  \\$b橄 欖
=300  \\$a192p

