=LDR  00000nam a2200000Ia 4500
=008  150128s9999||||xx\||||||||||||||\||und||
=041  \\$a國 語
=100  \\$a康 多 能
=245  \\$a佈 道 神 學
=260  \\$a香 港
=260  \\$b道 聲
=300  \\$a78p

