=LDR  00000nam a2200000Ia 4500
=008  150128s9999||||xx\||||||||||||||\||und||
=041  \\$a國 語
=100  \\$a張 郁 嵐
=245  \\$a到 底 有 沒 有 神
=260  \\$a台 灣
=260  \\$b福 音
=300  \\$a85p

