=LDR  00000nam a2200000Ia 4500
=008  150128s9999||||xx\||||||||||||||\||und||
=041  \\$a國 語
=100  \\$a"Corley,Bruce & Vaughan,Curtis"
=245  \\$a羅 馬 書 研 經 導 讀
=260  \\$a香 港
=260  \\$b天 道
=300  \\$a204p

