=LDR  00000nam a2200000Ia 4500
=008  150128s9999||||xx\||||||||||||||\||und||
=041  \\$a國 語
=100  \\$a"Bright, Bill"
=245  \\$a來 改 變 這 世 界
=260  \\$a台 灣
=260  \\$b學 園
=300  \\$a250p

