=LDR  00000nam a2200000Ia 4500
=008  150128s9999||||xx\||||||||||||||\||und||
=041  \\$a國 語
=100  \\$a"Brandt, Henry R."
=245  \\$a進 入 安 息
=260  \\$a美 國
=260  \\$b中 華 基 督 翻 譯 中 心
=300  \\$a140p

