=LDR  00000nam a2200000Ia 4500
=008  150128s9999||||xx\||||||||||||||\||und||
=041  \\$a國 語
=100  \\$a"Graham, Billy"
=245  \\$a每 一 天 -葛 語 精 華
=260  \\$a香 港
=260  \\$b葛 培 理 佈 道 會
=300  \\$a0

