=LDR  00000nam a2200000Ia 4500
=008  150128s9999||||xx\||||||||||||||\||und||
=041  \\$a國 語
=100  \\$a梁 斐 生
=245  \\$a常 勝 兵 法 -實 用 個 人 佈 道 手 冊
=260  \\$a美 國
=260  \\$b中 信
=300  \\$a147p

