=LDR  00000nam a2200000Ia 4500
=008  150128s9999||||xx\||||||||||||||\||und||
=100  \\$a"Faith,Psychology & christian Maturity"
=245  \\$a財 團 法 人
=300  \\$a10

