=LDR  00000nam a2200000Ia 4500
=008  150128s9999||||xx\||||||||||||||\||und||
=041  \\$a國 語
=100  \\$a唐 崇 榮
=245  \\$a佈 道 策 略
=260  \\$a台 灣
=260  \\$b校 園
=300  \\$a74p

