=LDR  00000nam a2200000Ia 4500
=008  150128s9999||||xx\||||||||||||||\||und||
=041  \\$a國 語
=100  \\$a導 航 會 同 工
=245  \\$a信 仰 的 根 基
=260  \\$a台 灣
=260  \\$b導 航 會
=300  \\$a34p

