=LDR  00000nam a2200000Ia 4500
=008  150128s9999||||xx\||||||||||||||\||und||
=041  \\$a國 語
=100  \\$a"Karssen, Gien"
=245  \\$a她 的 名 字 是 女 人
=260  \\$a台 灣
=260  \\$b新 加 坡 福 音 書 房
=300  \\$a304p

