=LDR  00000nam a2200000Ia 4500
=008  150128s9999||||xx\||||||||||||||\||und||
=041  \\$a國 語
=100  \\$a"Hollingsworth,Jane"
=245  \\$a從 彼 得 看 人 生
=260  \\$a台 灣
=260  \\$b校 園
=300  \\$a43p

