=LDR  00000nam a2200000Ia 4500
=008  150128s9999||||xx\||||||||||||||\||und||
=041  \\$a國 語
=100  \\$a許 錦 銘
=245  \\$a腓 立 比 書 講 解「 喜 樂 的 信 息 」
=260  \\$a台 灣
=260  \\$b門 徒 出 版 社
=300  \\$a92p

