=LDR  00000nam a2200000Ia 4500
=008  150128s9999||||xx\||||||||||||||\||und||
=041  \\$a國 語
=100  \\$a"Barclay, william"
=245  \\$a馬 太 福 音 註 釋 (上 )
=260  \\$a香 港
=260  \\$b基 文
=300  \\$a439p

