=LDR  00000nam a2200000Ia 4500
=008  150128s9999||||xx\||||||||||||||\||und||
=041  \\$a國 語
=100  \\$a"Barclay, William"
=245  \\$a加 拉 太 書 ， 以 弗 所 書 註 釋
=260  \\$a香 港
=260  \\$b基 文
=300  \\$a220p

