=LDR  00000nam a2200000Ia 4500
=008  150128s9999||||xx\||||||||||||||\||und||
=041  \\$a國 語
=100  \\$a陳 濟 民
=245  \\$a哥 林 多 後 書 研 讀 手 冊
=260  \\$a香 港
=260  \\$b證 主
=300  \\$a0

