=LDR  00000nam a2200000Ia 4500
=008  150128s9999||||xx\||||||||||||||\||und||
=041  \\$a國 語
=100  \\$a"Myers, David G."
=245  \\$a人 性 的 探 索
=260  \\$a香 港
=260  \\$b宣 道
=300  \\$a277p

