=LDR  00000nam a2200000Ia 4500
=008  150128s9999||||xx\||||||||||||||\||und||
=041  \\$a國 語
=245  \\$a哥 林 多 前 書 新 譯
=260  \\$a台 灣
=260  \\$b福 音 書 房
=300  \\$a37p

