=LDR  00000nam a2200000Ia 4500
=008  150128s9999||||xx\||||||||||||||\||und||
=041  \\$a國 語
=100  \\$a"Simpson, A.B."
=245  \\$a馬 可 福 音 講 義
=260  \\$a香 港
=260  \\$b宣 道
=300  \\$a99p

