=LDR  00000nam a2200000Ia 4500
=008  150128s9999||||xx\||||||||||||||\||und||
=041  \\$a國 語
=245  \\$a面 對 衝 擊  (哥 林 多 前  書 )
=260  \\$a香 港
=260  \\$b播 道 會
=300  \\$a189p

