=LDR  00000nam a2200000Ia 4500
=008  150128s9999||||xx\||||||||||||||\||und||
=041  \\$a國 語
=100  \\$a賈 玉 銘
=245  \\$a以 弗 所 書 講 義
=260  \\$a台 灣
=260  \\$b少 年 歸 主
=300  \\$a186p

