=LDR  00000nam a2200000Ia 4500
=008  150128s9999||||xx\||||||||||||||\||und||
=041  \\$a國 語
=245  \\$a"獄 中 書 信(弗, 西, 腓 )"
=260  \\$a香 港
=260  \\$b浸 信 會
=300  \\$a134p

