=LDR  00000nam a2200000Ia 4500
=008  150128s9999||||xx\||||||||||||||\||und||
=041  \\$a國 語
=100  \\$a"Wiersbe,W.W."
=245  \\$a作 個 得 勝 者
=260  \\$a台 灣
=260  \\$b學 園
=300  \\$a206p

