=LDR  00000nam a2200000Ia 4500
=008  150128s9999||||xx\||||||||||||||\||und||
=041  \\$a國 語
=100  \\$a陳 終 道
=245  \\$a天 國 的 異 象
=260  \\$a香 港
=260  \\$b種 籽
=300  \\$a73p

