=LDR  00000nam a2200000Ia 4500
=008  150128s9999||||xx\||||||||||||||\||und||
=041  \\$a國 語
=100  \\$a"Stott, John R.W."
=245  \\$a基 督 眼 裏 的 教 會
=260  \\$a香 港
=260  \\$b證 道
=300  \\$a144p

