=LDR  00000nam a2200000Ia 4500
=008  150128s9999||||xx\||||||||||||||\||und||
=041  \\$a國 語
=100  \\$a陳 尊 德
=245  \\$a在 基 督 裏
=260  \\$a台 灣
=260  \\$b主 日 學
=300  \\$a285p

