=LDR  00000nam a2200000Ia 4500
=008  150128s9999||||xx\||||||||||||||\||und||
=041  \\$a國 語
=100  \\$a蘇 曉 星
=245  \\$a哥 林 多 前 書 研 究
=260  \\$a台 灣
=260  \\$b中 台 神 學 院
=300  \\$a125p

