=LDR  00000nam a2200000Ia 4500
=008  150128s9999||||xx\||||||||||||||\||und||
=041  \\$a國 語
=100  \\$a"Morgan, G.Campbell"
=245  \\$a哥 林 多 書 信
=260  \\$a香 港
=260  \\$b基 道
=300  \\$a280p

