=LDR  00000nam a2200000Ia 4500
=008  150128s9999||||xx\||||||||||||||\||und||
=041  \\$a國 語
=100  \\$a"Hayford, Jack W."
=245  \\$a道 上 教 會
=260  \\$a台 灣
=260  \\$b以 琳
=300  \\$a220p

