=LDR  00000nam a2200000Ia 4500
=008  150128s9999||||xx\||||||||||||||\||und||
=041  \\$a國 語
=100  \\$a黃 孝 亮
=245  \\$a聖 徒 的 成 全 -教 會 造 就 事 工
=260  \\$a台 灣
=260  \\$b校 園
=300  \\$a0

