=LDR  00000nam a2200000Ia 4500
=008  150128s9999||||xx\||||||||||||||\||und||
=041  \\$a國 語
=100  \\$a吳 蘭 玉
=245  \\$a教 學 更 新-主 日 學 教 師 訓 練 手 冊
=260  \\$a香 港
=260  \\$b證 道
=300  \\$a186p

