=LDR  00000nam a2200000Ia 4500
=008  150128s9999||||xx\||||||||||||||\||und||
=041  \\$a國 語
=100  \\$aunknown
=245  \\$a以 弗 所 書 -新 譯 及 綱 目
=260  \\$a台 灣
=260  \\$b福 音 書 房
=300  \\$a23p

