=LDR  00000nam a2200000Ia 4500
=008  150128s9999||||xx\||||||||||||||\||und||
=041  \\$a國 語
=100  \\$a王 國 顯
=245  \\$a建 立 基 督 的 身 體 -以 弗 所 書 讀 經 劄 記
=260  \\$a香 港
=260  \\$b宣 道
=300  \\$a147p

