=LDR  00000nam a2200000Ia 4500
=008  150128s9999||||xx\||||||||||||||\||und||
=041  \\$a國 語
=100  \\$a"Barclay, william"
=245  \\$a"約 翰 書 信, 猶 大 書 註 釋"
=260  \\$a香 港
=260  \\$b基 文
=300  \\$a235p

