=LDR  00000nam a2200000Ia 4500
=008  150128s9999||||xx\||||||||||||||\||und||
=100  \\$a陳 終 道
=245  \\$a"雅 各 書, 約 翰 壹,貳,參 書, 猶 大 書"
=260  \\$a台 灣
=260  \\$b校 園
=300  \\$a0

