=LDR  00000nam a2200000Ia 4500
=008  150128s9999||||xx\||||||||||||||\||und||
=100  \\$a"Gregory, Joel C."
=245  \\$a雅 各 的  信 心
=260  \\$aUnknown
=260  \\$bUnknown
=300  \\$a126p

