=LDR  00000nam a2200000Ia 4500
=008  150128s9999||||xx\||||||||||||||\||und||
=100  \\$a校 園 同 工
=245  \\$a行 在 光 明 中 (約 翰 壹 書 小 組 查 經 材 料 )
=260  \\$a台 灣
=260  \\$b校 園
=300  \\$a18p

