=LDR  00000nam a2200000Ia 4500
=008  150128s9999||||xx\||||||||||||||\||und||
=100  \\$a蔡 張 敬 玲
=245  \\$a活 出 真 愛
=260  \\$a香 港
=260  \\$b證 道
=300  \\$a70p

