=LDR  00000nam a2200000Ia 4500
=008  150128s9999||||xx\||||||||||||||\||und||
=100  \\$a蘇 穎 睿
=245  \\$a從 掙 扎 到 成 長
=260  \\$a香 港
=260  \\$b學 生 閱 覽 室
=300  \\$a135p

