=LDR  00000nam a2200000Ia 4500
=008  150128s9999||||xx\||||||||||||||\||und||
=100  \\$a"Moo, Douglas J."
=245  \\$a雅 各 書
=260  \\$a台 灣
=260  \\$b校 園
=300  \\$a185p

