=LDR  00000nam a2200000Ia 4500
=008  150128s9999||||xx\||||||||||||||\||und||
=100  \\$a"Barclay,William"
=245  \\$a啟 示 錄 註 釋 (下)
=260  \\$a香 港
=260  \\$b基 文
=300  \\$a298p

