=LDR  00000nam a2200000Ia 4500
=008  150128s9999||||xx\||||||||||||||\||und||
=100  \\$a裴 戚 慕 瑾
=245  \\$a迦 南 美 地
=260  \\$a台 灣
=260  \\$b以 琳
=300  \\$a139p

