=LDR  00000nam a2200000Ia 4500
=008  150128s9999||||xx\||||||||||||||\||und||
=100  \\$a龔 天 民
=245  \\$a中 國 民 間 宗 教 信 仰與基佛問題
=260  \\$a台 灣
=260  \\$b校 園
=300  \\$a135p

