=LDR  00000nam a2200000Ia 4500
=008  150128s9999||||xx\||||||||||||||\||und||
=100  \\$a吳 主 光
=245  \\$a"佈 道,培 談,栽 培"
=260  \\$a香 港
=260  \\$b種 籽
=300  \\$a140p

