=LDR  00000nam a2200000Ia 4500
=008  150128s9999||||xx\||||||||||||||\||und||
=245  \\$a教 會 增 長 的 方 向
=260  \\$a美 國
=260  \\$b使 者
=300  \\$a150p

