=LDR  00000nam a2200000Ia 4500
=008  150128s9999||||xx\||||||||||||||\||und||
=100  \\$a周 淑 慧 等
=245  \\$a苦 難 中 的 驚 奇
=260  \\$a美 國
=260  \\$b台 福
=300  \\$a240p

