=LDR  00000nam a2200000Ia 4500
=008  150128s9999||||xx\||||||||||||||\||und||
=100  \\$a"Eims, Leroy"
=245  \\$a從 信 徒 到 門 徒
=260  \\$a台 灣
=260  \\$b主 日 學
=300  \\$a362p

