=LDR  00000nam a2200000Ia 4500
=008  150128s9999||||xx\||||||||||||||\||und||
=100  \\$a"Henrichsen,Walter A."
=245  \\$a息 息 不 斷 的 門 徒 訓 練 法
=260  \\$a香 港
=260  \\$b歸 主
=300  \\$a103p

