=LDR  00000nam a2200000Ia 4500
=008  150128s9999||||xx\||||||||||||||\||und||
=245  \\$a宣 道 訓 練
=260  \\$a台 灣
=260  \\$b少 年 歸 主
=300  \\$a142

