=LDR  00000nam a2200000Ia 4500
=008  150128s9999||||xx\||||||||||||||\||und||
=100  \\$a"Hyde, Douglas"
=245  \\$a獻 身 與 領 導
=260  \\$a台 灣
=260  \\$b光 啟 社
=300  \\$a179p

