=LDR  00000nam a2200000Ia 4500
=008  150128s9999||||xx\||||||||||||||\||und||
=245  \\$a信 徒 什 一 增 長 運 動 手 冊
=260  \\$a台 灣
=260  \\$b長 老 會
=300  \\$a41p

