=LDR  00000nam a2200000Ia 4500
=008  150128s9999||||xx\||||||||||||||\||und||
=100  \\$a"Goodwin, Bennie E. Ⅱ"
=245  \\$a有 果 效 的 領 袖
=260  \\$a台 灣
=260  \\$b榮 耀
=300  \\$a71p

