=LDR  00000nam a2200000Ia 4500
=008  150128s9999||||xx\||||||||||||||\||und||
=245  \\$a好管家環保手冊-生態，信仰，生活的結合
=260  \\$a台 灣
=260  \\$bunk
=300  \\$a92p

