=LDR  00000nam a2200000Ia 4500
=008  150128s9999||||xx\||||||||||||||\||und||
=100  \\$a"Edwards, Terry..etc."
=245  \\$a聰 明 的 工 頭
=260  \\$a台 灣
=260  \\$b以 琳
=300  \\$a285p

