=LDR  00000nam a2200000Ia 4500
=008  150128s9999||||xx\||||||||||||||\||und||
=100  \\$a"Miller, Basil"
=245  \\$a傾 倒 至 死 -祈 禱 使 徒 海 德
=260  \\$a台 灣
=260  \\$b橄 欖
=300  \\$a144p

