=LDR  00000nam a2200000Ia 4500
=008  150128s9999||||xx\||||||||||||||\||und||
=100  \\$a"Iverson,Dick"
=245  \\$a團 隊 事 奉
=260  \\$a台 灣
=260  \\$b以 琳
=300  \\$a227p

