=LDR  00000nam a2200000Ia 4500
=008  150128s9999||||xx\||||||||||||||\||und||
=100  \\$a"Allen, Ronald Barclay"
=245  \\$a讚 美 !!-詩 篇 的 認 識 和 欣 賞
=260  \\$a美 國
=260  \\$b活 泉
=300  \\$a204

