=LDR  00000nam a2200000Ia 4500
=008  150128s9999||||xx\||||||||||||||\||und||
=100  \\$a陳 偉 崑
=245  \\$a小 先 知 書 大 綱
=260  \\$a香 港
=260  \\$b陳 偉 崑
=300  \\$a255p

