=LDR  00000nam a2200000Ia 4500
=008  150128s9999||||xx\||||||||||||||\||und||
=100  \\$a江 守 道 
=245  \\$a上 行 詩

=LDR  00000nam a2200000Ia 4500
=008  150128s9999||||xx\||||||||||||||\||und||

