=LDR  00000nam a2200000Ia 4500
=008  150128s9999||||xx\||||||||||||||\||und||
=100  \\$a桑 安 柱
=245  \\$a詩 篇 寶 庫
=260  \\$a香 港
=260  \\$b甘 霖
=300  \\$a977p

