=LDR  00000nam a2200000Ia 4500
=008  150128s9999||||xx\||||||||||||||\||und||
=100  \\$a唐 佑 之
=245  \\$a十 二 先 知 書 (四)
=260  \\$a香 港
=260  \\$b天 道
=300  \\$a449p

