=LDR  00000nam a2200000Ia 4500
=008  150128s9999||||xx\||||||||||||||\||und||
=100  \\$a"Garland, D. David"
=245  \\$a阿 摩 司 書 研 經 導 讀
=260  \\$a香 港
=260  \\$b天 道
=300  \\$a89p

