=LDR  00000nam a2200000Ia 4500
=008  150128s9999||||xx\||||||||||||||\||und||
=100  \\$a蘇 美 恩
=245  \\$a繁 榮 的 咒 詛
=260  \\$a台 灣
=260  \\$b校 園
=300  \\$a51p

