=LDR  00000nam a2200000Ia 4500
=008  150128s9999||||xx\||||||||||||||\||und||
=100  \\$a曾 立 華
=245  \\$a基 督 徒 的 使 命 感 與 時 代 感
=260  \\$a香 港
=260  \\$b學 生 福 音 團 契
=300  \\$a30p

