=LDR  00000nam a2200000Ia 4500
=008  150128s9999||||xx\||||||||||||||\||und||
=100  \\$a林 輔 華
=245  \\$a阿 摩 司 書 釋 義
=260  \\$a台 灣
=260  \\$b少 年 歸 主
=300  \\$a88p

