=LDR  00000nam a2200000Ia 4500
=008  150128s9999||||xx\||||||||||||||\||und||
=100  \\$a馬 有 藻
=245  \\$a異 象 與 國 度
=260  \\$a香 港
=260  \\$b證 道
=300  \\$a230p

