=LDR  00000nam a2200000Ia 4500
=008  150128s9999||||xx\||||||||||||||\||und||
=100  \\$a唐 佑 之
=245  \\$a生 之 探 索(傳 道 書)
=260  \\$a香 港
=260  \\$b證 道
=300  \\$a81p

