=LDR  00000nam a2200000Ia 4500
=008  150128s9999||||xx\||||||||||||||\||und||
=100  \\$a許 公 遂
=245  \\$a雅 歌 書 講 義
=260  \\$a台 灣
=260  \\$b許 公 遂
=300  \\$a164p

