=LDR  00000nam a2200000Ia 4500
=008  150128s9999||||xx\||||||||||||||\||und||
=100  \\$a"Hubbard, David Allan"
=245  \\$a超 越 虛 空
=260  \\$a美 國
=260  \\$b活 泉
=300  \\$a106p

