=LDR  00000nam a2200000Ia 4500
=008  150128s9999||||xx\||||||||||||||\||und||
=100  \\$a"Yates, Kyle M...etc."
=245  \\$a威 克 理 夫 聖 經 註 釋 卷 一
=260  \\$a香 港
=260  \\$b種 籽
=300  \\$a377p

