=LDR  00000nam a2200000Ia 4500
=008  150128s9999||||xx\||||||||||||||\||und||
=100  \\$a王 明 道
=245  \\$a寫 給 受 苦 的 聖 徒
=260  \\$a香 港
=260  \\$b晨 星
=300  \\$a130p.

