=LDR  00000nam a2200000Ia 4500
=008  150128s9999||||xx\||||||||||||||\||und||
=245  \\$a青 少 年 團 契 手 冊
=260  \\$a台 灣
=260  \\$b長 老 會
=300  \\$a126p

