=LDR  00000nam a2200000Ia 4500
=008  150128s9999||||xx\||||||||||||||\||und||
=100  \\$a"Solomon, Evelyn B."
=245  \\$a婦 女 會 教 材
=260  \\$a台 灣
=260  \\$b浸 宣
=300  \\$a88p

