=LDR  00000nam a2200000Ia 4500
=008  150128s9999||||xx\||||||||||||||\||und||
=100  \\$a陳 馬 可
=245  \\$a怎 樣 引 人 歸 主
=260  \\$a台 灣
=260  \\$b少 年  歸 主
=300  \\$a67p.

