=LDR  00000nam a2200000Ia 4500
=008  150128s9999||||xx\||||||||||||||\||und||
=100  \\$a卓 輝 隆
=245  \\$a如 何 向 未 信 者 傳 道
=260  \\$a台 灣
=260  \\$b基隆安樂教會
=300  \\$a14p.a

