=LDR  00000nam a2200000Ia 4500
=008  150128s9999||||xx\||||||||||||||\||und||
=100  \\$a校 園 團 契 中 學 同 工
=245  \\$a團 契 天 地
=260  \\$a台 灣
=260  \\$b校 園
=300  \\$a91p

