=LDR  00000nam a2200000Ia 4500
=008  150128s9999||||xx\||||||||||||||\||und||
=100  \\$a"McGavran, Donald A."
=245  \\$a收祂的莊稼
=260  \\$a香 港
=260  \\$b證 道
=300  \\$a95p.

