=LDR  00000nam a2200000Ia 4500
=008  150128s9999||||xx\||||||||||||||\||und||
=245  \\$a營 會 手 冊 -輔 導 員 需 知
=260  \\$a.
=260  \\$b.
=300  \\$a128p.

