=LDR  00000nam a2200000Ia 4500
=008  150128s9999||||xx\||||||||||||||\||und||
=245  \\$a道 種
=260  \\$a香 港
=260  \\$b浸 信  會
=300  \\$a166p

