=LDR  00000nam a2200000Ia 4500
=008  150128s9999||||xx\||||||||||||||\||und||
=100  \\$a吳 恩 溥
=245  \\$a成 功 的 釣 人 漁 夫
=260  \\$a台 灣
=260  \\$b聖 文
=300  \\$a170p.

