=LDR  00000nam a2200000Ia 4500
=008  150128s9999||||xx\||||||||||||||\||und||
=100  \\$a唐崇榮
=245  \\$a永 存 的 困 惑
=260  \\$a台 灣
=260  \\$b校 園
=300  \\$a92p

