=LDR  00000nam a2200000Ia 4500
=008  150128s9999||||xx\||||||||||||||\||und||
=100  \\$a吳明節
=245  \\$a認 識 摩 門 教
=260  \\$a香 港
=260  \\$b新 雅
=300  \\$a46p.

