=LDR  00000nam a2200000Ia 4500
=008  150128s9999||||xx\||||||||||||||\||und||
=100  \\$a王 永 信
=245  \\$a真 道 手 冊
=260  \\$a美 國
=260  \\$b中 國 信 徒 佈 道 會
=300  \\$a225p

