=LDR  00000nam a2200000Ia 4500
=008  150128s9999||||xx\||||||||||||||\||und||
=100  \\$a龔 天 民
=245  \\$a阿 彌 陀 佛 的 真 相
=260  \\$a台 灣
=260  \\$b校 園
=300  \\$a49p

