=LDR  00000nam a2200000Ia 4500
=008  150128s9999||||xx\||||||||||||||\||und||
=100  \\$a蔡 蘇
=245  \\$aJewelry of Dark Chamber
=260  \\$a美 國
=260  \\$b使 者
=300  \\$a130p

