=LDR  00000nam a2200000Ia 4500
=008  150128s9999||||xx\||||||||||||||\||und||
=100  \\$a鄭 果
=245  \\$a你 的 教 會 可 以 影 響 世 界
=260  \\$a台 灣
=260  \\$b中 信
=300  \\$a24p

