=LDR  00000nam a2200000Ia 4500
=008  150128s9999||||xx\||||||||||||||\||und||
=100  \\$a馬有藻，張慕皚，唐佑之
=245  \\$a培靈講道第三十四集
=260  \\$a香港
=260  \\$b港九培研經會
=300  \\$a205

