=LDR  00000nam a2200000Ia 4500
=008  150128s9999||||xx\||||||||||||||\||und||
=100  \\$a"Murray, ANDREW"
=245  \\$a內在生活
=260  \\$a137
=260  \\$b錫安?1992

