=LDR  00000nam a2200000Ia 4500
=008  150128s9999||||xx\||||||||||||||\||und||
=100  \\$a宋華忠
=245  \\$a人生的高峰
=260  \\$a香港
=260  \\$b聖道
=300  \\$a143

