=LDR  00000nam a2200000Ia 4500
=008  150128s9999||||xx\||||||||||||||\||und||
=041  \\$a國 語
=100  \\$a"Foster, richard J."
=245  \\$a禱告真諦--尋找心靈真正歸宿
=260  \\$a香港
=260  \\$b基道書樓
=300  \\$a350

