=LDR  00000nam a2200000Ia 4500
=008  150128s9999||||xx\||||||||||||||\||und||
=041  \\$a國 語
=100  \\$a"Denny, Randal Earl"
=245  \\$a現代生活法版
=260  \\$a台北
=260  \\$b燈塔山
=300  \\$a154

