=LDR  00000nam a2200000Ia 4500
=008  150128s9999||||xx\||||||||||||||\||und||
=041  \\$a國 語
=100  \\$a"Webster, Richard A."
=245  \\$a攻破堅固的營壘
=260  \\$a臺北
=260  \\$b技園
=300  \\$a326

