=LDR  00000nam a2200000Ia 4500
=008  150128s9999||||xx\||||||||||||||\||und||
=041  \\$a國 語
=100  \\$a"Barclay, William"
=245  \\$a在寶座前
=260  \\$a台灣
=260  \\$b橄欖
=300  \\$a140p.

