=LDR  00000nam a2200000Ia 4500
=008  150128s9999||||xx\||||||||||||||\||und||
=041  \\$a國 語
=100  \\$a周聯華等著
=245  \\$a扎根與結果  --  真實的信仰根基
=260  \\$a臺北
=260  \\$b技園書房
=300  \\$a92

