=LDR  00000nam a2200000Ia 4500
=008  150128s9999||||xx\||||||||||||||\||und||
=041  \\$a國 語
=100  \\$a"E. M. Blaiklock, Litt.D. ; D.A. Blaiklock, M.B."
=245  \\$a為什麼沒人告訴我
=260  \\$a臺北
=260  \\$b主日學
=300  \\$a299

