=LDR  00000nam a2200000Ia 4500
=008  150128s9999||||xx\||||||||||||||\||und||
=041  \\$a國 語
=100  \\$a王 明 道
=245  \\$a我 們 的 主
=260  \\$a香港
=260  \\$b宣道書局
=300  \\$a182

