=LDR  00000nam a2200000Ia 4500
=008  150128s9999||||xx\||||||||||||||\||und||
=041  \\$a國 語
=100  \\$a天民
=245  \\$a台上台下
=260  \\$a???
=260  \\$b???
=300  \\$a229

