=LDR  00000nam a2200000Ia 4500
=008  150128s9999||||xx\||||||||||||||\||und||
=041  \\$a國 語
=100  \\$aRobert Elmer
=245  \2$aA Way through the Sea
=260  \\$aUSA
=260  \\$bBethany House Publishers
=300  \\$a172

