=LDR  00000nam a2200000Ia 4500
=008  150128s9999||||xx\||||||||||||||\||und||
=041  \\$a英 語
=100  \\$aRobert Elmer
=245  \\$aBeyond the River
=260  \\$aUSA
=260  \\$bBethany House Publishers
=300  \\$a176

