=LDR  00000nam a2200000Ia 4500
=008  150128s9999||||xx\||||||||||||||\||und||
=041  \\$a英 語
=100  \\$a"Stephens, Andrea"
=245  \\$aStressed out But Hangin' tough
=260  \\$aUSA
=260  \\$bPower Books
=300  \\$a191

