=LDR  00000nam a2200000Ia 4500
=008  150128s9999||||xx\||||||||||||||\||und||
=041  \\$a英 語
=100  \\$aBob Stone & Bob Palmer
=245  \4$aThe Dating Dilemma
=260  \\$aUSA
=260  \\$bBaker Book House
=300  \\$a200

