=LDR  00000nam a2200000Ia 4500
=008  150128s9999||||xx\||||||||||||||\||und||
=041  \\$a英 語
=100  \\$aRoma Bishop
=245  \4$aThe Wedding Feast
=260  \\$a美國
=260  \\$bDavid C. Cook
=300  \\$a0

