=LDR  00000nam a2200000Ia 4500
=008  150128s9999||||xx\||||||||||||||\||und||
=100  \\$aRick Blanchette
=245  \\$aWhere do you park an ark?
=260  \\$aUSA
=260  \\$bTyndale House Publishers
=300  \\$a158

