=LDR  00000nam a2200000Ia 4500
=008  150128s9999||||xx\||||||||||||||\||und||
=100  \\$aBill & Andrea Stephens
=245  \\$aPrime Time
=260  \\$aUSA
=260  \\$bBaker Book House
=300  \\$a179

