=LDR  00000nam a2200000Ia 4500
=008  150128s9999||||xx\||||||||||||||\||und||
=100  \\$aLeanne Lucas
=245  \\$aAddie McCormick and the Mystery of the Missing Scrapbook
=260  \\$aUSA
=260  \\$bHarvest House Publishers
=300  \\$a139

