=LDR  00000nam a2200000Ia 4500
=008  150128s9999||||xx\||||||||||||||\||und||
=100  \\$aSigmund Brouwer
=245  \\$aMadness at Moonshiner's Bay
=260  \\$aUSA
=260  \\$bVictor Books
=300  \\$a132

