=LDR  00000nam a2200000Ia 4500
=008  150128s9999||||xx\||||||||||||||\||und||
=100  \\$aKen Gire
=245  \\$aTreasure in an Oatmeal Box
=260  \\$aUSA
=260  \\$bNav Press
=300  \\$a132

