=LDR  00000nam a2200000Ia 4500
=008  150128s9999||||xx\||||||||||||||\||und||
=100  \\$aWord Ministries
=245  \\$a"Prayers That Avail Much, for Teens"
=260  \\$aUSA
=260  \\$bHarrison House
=300  \\$a142

