=LDR  00000nam a2200000Ia 4500
=008  150128s9999||||xx\||||||||||||||\||und||
=100  \\$a"Johnson, Ruth I."
=245  \\$aDevotions For Early Teens
=260  \\$aUSA
=260  \\$bMoody Press
=300  \\$a97

