=LDR  00000nam a2200000Ia 4500
=008  150128s9999||||xx\||||||||||||||\||und||
=100  \\$aLissa Halls Hohnson
=245  \\$aWishing Upon A Star
=260  \\$aUSA
=260  \\$bFocus on the Family
=300  \\$a186

