=LDR  00000nam a2200000Ia 4500
=008  150128s9999||||xx\||||||||||||||\||und||
=100  \\$aLissa Halls Johnson
=245  \\$aProject Black Bear
=260  \\$aColorado
=260  \\$bFocus on the Family
=300  \\$a154

