=LDR  00000nam a2200000Ia 4500
=008  150128s9999||||xx\||||||||||||||\||und||
=100  \\$aC.S. Lewis
=245  \4$aThe Screw Tape Letters
=260  \\$aNew York
=260  \\$bMarvel Comics/Nelson
=300  \\$a0

