=LDR  00000nam a2200000Ia 4500
=008  150128s9999||||xx\||||||||||||||\||und||
=100  \\$aPat Alexander
=245  \4$aThe Nelson Children's Bible
=260  \\$aNashville
=260  \\$bThomas Nelson Publishers
=300  \\$a256

