=LDR  00000nam a2200000Ia 4500
=008  150128s9999||||xx\||||||||||||||\||und||
=100  \\$aV. Gilbert Beers
=245  \4$aThe Beginner's ABC Bible Memory Book
=260  \\$aOregon
=260  \\$bQuestar
=300  \\$a287

