=LDR  00000nam a2200000Ia 4500
=008  150128s9999||||xx\||||||||||||||\||und||
=100  \\$aDavid R. Veerman
=245  \\$a102 Questions Children Ask About the Bible
=260  \\$aIllinois
=260  \\$bTyndale House Publishers
=300  \\$a0

