=LDR  00000nam a2200000Ia 4500
=008  150128s9999||||xx\||||||||||||||\||und||
=100  \\$aLarry Libby
=245  \\$aSomeone Awesome
=260  \\$aOregon
=260  \\$bQuestar
=300  \\$a43

