=LDR  00000nam a2200000Ia 4500
=008  150128s9999||||xx\||||||||||||||\||und||
=100  \\$aBarbour
=245  \\$aPride
=260  \\$aNJ
=260  \\$bBarbour
=300  \\$a0

