=LDR  00000nam a2200000Ia 4500
=008  150128s9999||||xx\||||||||||||||\||und||
=100  \\$aWanda Luttrell
=245  \\$aReunion in Kentucky
=260  \\$a??
=260  \\$bChariot Books
=300  \\$a205

