=LDR  00000nam a2200000Ia 4500
=008  150128s9999||||xx\||||||||||||||\||und||
=100  \\$a"Josh McDowell, Bob Hostetler"
=245  \\$a13 Things You gotta Know to Make it as a Christian
=260  \\$aUSA
=260  \\$bWord Publishing
=300  \\$a131

