=LDR  00000nam a2200000Ia 4500
=008  150128s9999||||xx\||||||||||||||\||und||
=100  \\$a"Bill, Brent J."
=245  \\$aStuff Your Guidance Counselor Never Told You
=260  \\$aNew Jersey
=260  \\$bPower Books
=300  \\$a188

