=LDR  00000nam a2200000Ia 4500
=008  150128s9999||||xx\||||||||||||||\||und||
=100  \\$aV. gilbert Beers
=245  \4$aThe Early Reader's Bible
=260  \\$a"Sisters, Oregon"
=260  \\$bQuestar Publishers
=300  \\$a0

