=LDR  00000nam a2200000Ia 4500
=008  150128s9999||||xx\||||||||||||||\||und||
=100  \\$aSunny Griffin
=245  \\$aEsther the Very Brave Queen
=260  \\$aOhio
=260  \\$bLandoll
=300  \\$a0

