=LDR  00000nam a2200000Ia 4500
=008  150128s9999||||xx\||||||||||||||\||und||
=100  \\$aEarl & Bonita Snellenberger
=245  \\$aGod Created the World and the Universe
=260  \\$aCA
=260  \\$bEabon Design and Master Books
=300  \\$a32

