=LDR  00000nam a2200000Ia 4500
=008  150128s9999||||xx\||||||||||||||\||und||
=100  \\$aLawrence O. Richards
=245  \\$aIt Couldn't Just Happen - Fascinating Facts About God's World
=260  \\$aLondon
=260  \\$bWord Publishing
=300  \\$a191

