=LDR  00000nam a2200000Ia 4500
=008  150128s9999||||xx\||||||||||||||\||und||
=100  \\$aGilbert Morris
=245  \4$aThe Dangerous Voyage
=260  \\$aMinnesota 55438
=260  \\$bBethany House Publishers
=300  \\$a159

