=LDR  00000nam a2200000Ia 4500
=008  150128s9999||||xx\||||||||||||||\||und||
=100  \\$aRobert Boyd Munger
=245  \\$aMy Heart - Christ's Home
=260  \\$aIllinois 60515
=260  \\$bInter Varsity Press
=300  \\$a47

