=LDR  00000nam a2200000Ia 4500
=008  150128s9999||||xx\||||||||||||||\||und||
=100  \\$aMildred Tickfer
=245  \\$aHealing the hurt
=260  \\$aMichigan 49506
=260  \\$bBaker Book House
=300  \\$a94

