=LDR  00000nam a2200000Ia 4500
=008  150128s9999||||xx\||||||||||||||\||und||
=100  \\$aAnthony Campolo
=245  \\$aIt's Friday but Sunday's Coming
=260  \\$aTexas
=260  \\$bWord Books
=300  \\$a120

