=LDR  00000nam a2200000Ia 4500
=008  150128s9999||||xx\||||||||||||||\||und||
=100  \\$aDave & Neta Jackson
=245  \\$aFlight of the Fugitives - Gladys Aylward
=260  \\$a"Minneapolis, Minnesota"
=260  \\$bBethany House Publishers
=300  \\$a144

