=LDR  00000nam a2200000Ia 4500
=008  150128s9999||||xx\||||||||||||||\||und||
=100  \\$aJoni Eareckson Tada
=245  \\$aJoni's Story
=260  \\$aMichigan 49530
=260  \\$bZondervan Publishing House
=300  \\$a109

