=LDR  00000nam a2200000Ia 4500
=008  150128s9999||||xx\||||||||||||||\||und||
=100  \\$aDave & Neta Jackson
=245  \\$aKidnapped by River Rats - William & Catherine Booth
=260  \\$aMinnesota
=260  \\$bBethany House Publishers
=300  \\$a135

