=LDR  00000nam a2200000Ia 4500
=008  150128s9999||||xx\||||||||||||||\||und||
=100  \\$aDave & Neta Jackson
=245  \4$aThe Betrayer's Fortune - Menno Simons
=260  \\$aMinnesota
=260  \\$bBethany House Publishers
=300  \\$a144

