=LDR  00000nam a2200000Ia 4500
=008  150128s9999||||xx\||||||||||||||\||und||
=100  \\$aBarbara Davoll
=245  \4$aThe Christopher Churchmouse Treasury
=260  \\$aIL
=260  \\$bVictor Books
=300  \\$a156

