=LDR  00000nam a2200000Ia 4500
=008  150128s9999||||xx\||||||||||||||\||und||
=100  \\$aThomas Nelson Publishers
=245  \\$aBrave Believers
=260  \\$a"Nashville, Tenn"
=260  \\$bCev Prss
=300  \\$a234

