=LDR  00000nam a2200000Ia 4500
=008  150128s9999||||xx\||||||||||||||\||und||
=100  \\$aEdmer Towns
=245  \\$a創新與增長-美國十大創新增長教會
=260  \\$a臺北
=260  \\$b福音協進會
=300  \\$a245

