=LDR  00000nam a2200000Ia 4500
=008  150128s9999||||xx\||||||||||||||\||und||
=100  \\$aBob Moffett
=245  \\$a創意聚會-青少年活動設計
=260  \\$a臺北
=260  \\$b技園
=300  \\$a120

