=LDR  00000nam a2200000Ia 4500
=008  150128s9999||||xx\||||||||||||||\||und||
=100  \\$a"S.Barker,J.Johnson,J.Long,R.Malone"
=245  \\$a你也能帶領小組-小組長手冊
=260  \\$a臺北
=260  \\$b技園
=300  \\$a106

