=LDR  00000nam a2200000Ia 4500
=008  150128s9999||||xx\||||||||||||||\||und||
=100  \\$aJames Montgomery Boice
=245  \\$a你也能作主門徒
=260  \\$a臺北
=260  \\$b技園
=300  \\$a195

