=LDR  00000nam a2200000Ia 4500
=008  150128s9999||||xx\||||||||||||||\||und||
=100  \\$a張清庚等
=245  \\$a獻身為活祭
=260  \\$a臺北
=260  \\$b基督長老
=300  \\$a218

