=LDR  00000nam a2200000Ia 4500
=008  150128s9999||||xx\||||||||||||||\||und||
=100  \\$aCharles R. Swindoll
=245  \\$a超越平庸
=260  \\$a香港
=260  \\$b證主
=300  \\$a257

