=LDR  00000nam a2200000Ia 4500
=008  150128s9999||||xx\||||||||||||||\||und||
=100  \\$aJerry White
=245  \\$a藍圖在握-活出基督的主權
=260  \\$a臺北
=260  \\$b校園
=300  \\$a229

