=LDR  00000nam a2200000Ia 4500
=008  150128s9999||||xx\||||||||||||||\||und||
=100  \\$a林道亮
=245  \\$a國度的真理
=260  \\$a臺北
=260  \\$b華福
=300  \\$a136

