=LDR  00000nam a2200000Ia 4500
=008  150128s9999||||xx\||||||||||||||\||und||
=100  \\$a恩育
=245  \\$a囚不住的生命
=260  \\$a臺北
=260  \\$b榮耀
=300  \\$a160

