=LDR  00000nam a2200000Ia 4500
=008  150128s9999||||xx\||||||||||||||\||und||
=100  \\$a蕭克揩
=245  \\$a基督教宗教教育概論
=260  \\$a香港
=260  \\$b道聲
=300  \\$a331

