=LDR  00000nam a2200000Ia 4500
=008  150128s9999||||xx\||||||||||||||\||und||
=100  \\$a校園團契同工
=245  \\$a智慧與身量
=260  \\$a臺北
=260  \\$b技園
=300  \\$a279

