=LDR  00000nam a2200000Ia 4500
=008  150128s9999||||xx\||||||||||||||\||und||
=100  \\$aDuffy Robbins
=245  \\$a聖經創意教材
=260  \\$a臺北
=260  \\$b技園
=300  \\$a129

