=LDR  00000nam a2200000Ia 4500
=008  150128s9999||||xx\||||||||||||||\||und||
=100  \\$a吳勇
=245  \\$a不滅的燈火-吳勇長老回憶錄（中）
=260  \\$a臺北
=260  \\$b宇宙光
=300  \\$a295

