=LDR  00000nam a2200000Ia 4500
=008  150128s9999||||xx\||||||||||||||\||und||
=100  \\$a魏外楊
=245  \\$a宣教事業與近代中國
=260  \\$a臺北
=260  \\$b宇宙光
=300  \\$a163

