=LDR  00000nam a2200000Ia 4500
=008  150128s9999||||xx\||||||||||||||\||und||
=100  \\$aMichael Griffiths
=245  \\$a捨網-給獻身宣教者
=260  \\$a？？？
=260  \\$b？？？
=300  \\$a0

