=LDR  00000nam a2200000Ia 4500
=008  150128s9999||||xx\||||||||||||||\||und||
=100  \\$aPaul W. Hsieh
=245  \\$a神的管家
=260  \\$a香港
=260  \\$b浸信
=300  \\$a24

