=LDR  00000nam a2200000Ia 4500
=008  150128s9999||||xx\||||||||||||||\||und||
=100  \\$a鄭連德
=245  \\$a突破黑暗
=260  \\$a臺北
=260  \\$b三一文化事業有限公司
=300  \\$a236

