=LDR  00000nam a2200000Ia 4500
=008  150128s9999||||xx\||||||||||||||\||und||
=100  \\$a寇世遠
=245  \\$a屬靈的實際
=260  \\$a臺北
=260  \\$b天聲傳播
=300  \\$a248

