=LDR  00000nam a2200000Ia 4500
=008  150128s9999||||xx\||||||||||||||\||und||
=100  \\$a寇世遠
=245  \\$a聖經靈訓
=260  \\$a臺北
=260  \\$b天聲傳播基金會
=300  \\$a209

