=LDR  00000nam a2200000Ia 4500
=008  150128s9999||||xx\||||||||||||||\||und||
=100  \\$aGary Smalley; John Trent
=245  \\$a祝福-和諧人生的秘訣
=260  \\$a臺北
=260  \\$b校園
=300  \\$a287

