=LDR  00000nam a2200000Ia 4500
=008  150128s9999||||xx\||||||||||||||\||und||
=100  \\$a陸亨理
=245  \\$a天國的奧秘
=260  \\$a臺北
=260  \\$b歸主
=300  \\$a238

