=LDR  00000nam a2200000Ia 4500
=008  150128s9999||||xx\||||||||||||||\||und||
=100  \\$aCharles G. Finney
=245  \\$a豐盛的恩典-芬尼的禱告經歷
=260  \\$a臺北
=260  \\$b橄欖
=300  \\$a121

