=LDR  00000nam a2200000Ia 4500
=008  150128s9999||||xx\||||||||||||||\||und||
=100  \\$a吳勇
=245  \\$a等候父所應許的
=260  \\$a臺北
=260  \\$b中華海外宣道協會
=300  \\$a178

