=LDR  00000nam a2200000Ia 4500
=008  150128s9999||||xx\||||||||||||||\||und||
=100  \\$a劉承業牧師，張子華，史保羅
=245  \\$a培靈講道第三十五集
=260  \\$a九龍
=260  \\$b港九培靈研經會
=300  \\$a174

