=LDR  00000nam a2200000Ia 4500
=008  150128s9999||||xx\||||||||||||||\||und||
=100  \\$a彭海瑩等
=245  \\$a如雲集(4)
=260  \\$a臺北
=260  \\$b華神
=300  \\$a76

