=LDR  00000nam a2200000Ia 4500
=008  150128s9999||||xx\||||||||||||||\||und||
=100  \\$a重提
=245  \\$a雲彩
=260  \\$a台北
=260  \\$b以琳
=300  \\$a137

