=LDR  00000nam a2200000Ia 4500
=008  150128s9999||||xx\||||||||||||||\||und||
=100  \\$a"Hoekema,Anthony"
=245  \\$a摩門教的內幕
=260  \\$a台 灣
=260  \\$b真道之聲
=300  \\$a158p.

