=LDR  00000nam a2200000Ia 4500
=008  150128s9999||||xx\||||||||||||||\||und||
=100  \\$a?浸宣
=245  \\$a青年團契教材-上下冊合訂本
=260  \\$a114
=260  \\$b1974

