=LDR  00000nam a2200000Ia 4500
=008  150128s9999||||xx\||||||||||||||\||und||
=100  \\$a李麗華
=245  \\$a青年團契教材-（第三冊）
=260  \\$a？？？
=260  \\$b浸宣
=300  \\$a83

