=LDR  00000nam a2200000Ia 4500
=008  150128s9999||||xx\||||||||||||||\||und||
=245  \\$a一小片雲
=260  \\$a台 灣
=260  \\$b臺 北 基 督 徒 婦 女 聯 合退 修 會
=300  \\$a175

