=LDR  00000nam a2200000Ia 4500
=008  150128s9999||||xx\||||||||||||||\||und||
=100  \\$a龔天民
=245  \\$a中國民間宗教信仰與基佛問題
=260  \\$a台 灣
=260  \\$b校園
=300  \\$a135p.

