=LDR  00000nam a2200000Ia 4500
=008  150128s9999||||xx\||||||||||||||\||und||
=100  \\$aElspeth Campbell Murphy
=245  \\$aDanny Petrowski
=260  \\$a"Elgin,Illinoise;Weston,Ontario"
=260  \\$b"David C, Cook Publishing"
=300  \\$a105

