=LDR  00000nam a2200000Ia 4500
=008  150128s9999||||xx\||||||||||||||\||und||
=100  \\$a"Elspeth C, Murphy"
=245  \\$aJulie Chang
=260  \\$aUSA
=260  \\$bChariot Books
=300  \\$a108

