=LDR  00000nam a2200000Ia 4500
=008  150128s9999||||xx\||||||||||||||\||und||
=100  \\$aPaul J. Loth
=245  \\$aGod's Word in my Heart
=260  \\$aNashville
=260  \\$bThomas nelson
=300  \\$a159

