=LDR  00000nam a2200000Ia 4500
=008  150128s9999||||xx\||||||||||||||\||und||
=100  \\$aMary E. Erikson
=245  \\$aWhat is God like?
=260  \\$aIlltnots
=260  \\$bDavid C. Cook Publishing Co.
=300  \\$a0

