=LDR  00000nam a2200000Ia 4500
=008  150128s9999||||xx\||||||||||||||\||und||
=100  \\$aMary Batchelor
=245  \4$aThe story of Jesus
=260  \\$a"Oxford, England"
=260  \\$bLton publishing
=300  \\$a191

