=LDR  00000nam a2200000Ia 4500
=008  150128s9999||||xx\||||||||||||||\||und||
=100  \\$aJeannie Harmon
=245  \\$aAwesome Real-life bible Devotional for Kids
=260  \\$aIlltnois
=260  \\$bDavid C. Cook Publishing
=300  \\$a168

