=LDR  00000nam a2200000Ia 4500
=008  150128s9999||||xx\||||||||||||||\||und||
=100  \\$a"Leppard, Lois Gladys"
=245  \\$aMandie and the Abandoned Mine
=260  \\$a"Minneapollis,Minnesota"
=260  \\$bBethany House Publishers
=300  \\$a160

