=LDR  00000nam a2200000Ia 4500
=008  150128s9999||||xx\||||||||||||||\||und||
=100  \\$a"Leppard, Lios Gladys"
=245  \\$aMandie and the Mysterious Bells
=260  \\$a"Minneapolis,Minnesota"
=260  \\$bBethany House Publishers
=300  \\$a160p.

