=LDR  00000nam a2200000Ia 4500
=008  150128s9999||||xx\||||||||||||||\||und||
=100  \\$aLois Gladys Leppard
=245  \\$aMandie and the Secret Tunnel
=260  \\$a"Minneapolis,MN"
=260  \\$b"Bethany house Publishers, USA"
=300  \\$a141p.

