=LDR  00000nam a2200000Ia 4500
=008  150128s9999||||xx\||||||||||||||\||und||
=100  \\$aLois G. Leppard
=245  \\$aMandie and the Forreign Spies
=260  \\$a"Minneapolis,MN"
=260  \\$bBethany House Publishers
=300  \\$a159p.

