=LDR  00000nam a2200000Ia 4500
=008  150128s9999||||xx\||||||||||||||\||und||
=100  \\$aLois Gladys leppard
=245  \\$aMandie and the Dangerous
=260  \\$a"Minneapolis,MN"
=260  \\$bBethany house Publishers
=300  \\$a176p.

