=LDR  00000nam a2200000Ia 4500
=008  150128s9999||||xx\||||||||||||||\||und||
=100  \\$aLois G. Leppard
=245  \\$aMandie and the Angel's Secret
=260  \\$a"Minneapolis,Minnesota"
=260  \\$bBethany House Publishers
=300  \\$a160p.

