=LDR  00000nam a2200000Ia 4500
=008  150128s9999||||xx\||||||||||||||\||und||
=100  \\$aLois Gladys Leppard
=245  \\$aMandie and the Cherokee Legend
=260  \\$aMinnesota
=260  \\$bBethany House
=300  \\$a138

