=LDR  00000nam a2200000Ia 4500
=008  150128s9999||||xx\||||||||||||||\||und||
=100  \\$a"Lois G, Leppard"
=245  \\$aMandie and the Medicine Man
=260  \\$a"Minneapolis, MN"
=260  \\$bBethany House
=300  \\$a125p.

