=LDR  00000nam a2200000Ia 4500
=008  150128s9999||||xx\||||||||||||||\||und||
=100  \\$a"Roth, David"
=245  \\$aColin Powell
=260  \\$a"Grand Rapids, MI"
=260  \\$bZondervan
=300  \\$a110p.

