=LDR  00000nam a2200000Ia 4500
=008  150128s9999||||xx\||||||||||||||\||und||
=100  \\$aRex Williams
=245  \\$aJoseph
=260  \\$aNew Jersey
=260  \\$bRarbour
=300  \\$a216p.

