=LDR  00000nam a2200000Ia 4500
=008  150128s9999||||xx\||||||||||||||\||und||
=100  \\$aKenneth N. Taylor
=245  \4$aThe Bible in Picture for Little Eyes
=260  \\$aU.S.A.
=260  \\$bTyndale House
=300  \\$a190

