=LDR  00000nam a2200000Ia 4500
=008  150128s9999||||xx\||||||||||||||\||und||
=100  \\$aAlBohl
=245  \\$athe Dream of Delosar-zaanan
=260  \\$aNew Jersey
=260  \\$bbarbour
=300  \\$a218

