=LDR  00000nam a2200000Ia 4500
=008  150128s9999||||xx\||||||||||||||\||und||
=100  \\$aGeorge MacDonald
=245  \\$aAt the Back of the North Wind
=260  \\$aNew Jersey
=260  \\$bBarbour
=300  \\$a224

