=LDR  00000nam a2200000Ia 4500
=008  150128s9999||||xx\||||||||||||||\||und||
=100  \\$aLew Wallace
=245  \\$aBen-Hur
=260  \\$aNew Jersey
=260  \\$bBarbour
=300  \\$a206

