=LDR  00000nam a2200000Ia 4500
=008  150128s9999||||xx\||||||||||||||\||und||
=100  \\$aDaniel Defoe
=245  \\$aRobinson Crusoe
=260  \\$aNew Jersey
=260  \\$bBarbour
=300  \\$a218

