=LDR  00000nam a2200000Ia 4500
=008  150128s9999||||xx\||||||||||||||\||und||
=100  \\$aErnie Rettino;Debby Kerner Rettino
=245  \\$aPSALTY in the soviet circus
=260  \\$aDallas. London
=260  \\$bWord Publishing
=300  \\$a29

