=LDR  00000nam a2200000Ia 4500
=008  150128s9999||||xx\||||||||||||||\||und||
=100  \\$aErnie;Debby Kerner rettino
=245  \\$aPsalty on Safari
=260  \\$aDallas
=260  \\$bword publishing
=300  \\$a29

