=LDR  00000nam a2200000Ia 4500
=008  150128s9999||||xx\||||||||||||||\||und||
=100  \\$aErnie;Debby Kerner Rettino
=245  \\$aPsalty in Egypt
=260  \\$aDallas
=260  \\$bWord Publishing
=300  \\$a29

