=LDR  00000nam a2200000Ia 4500
=008  150128s9999||||xx\||||||||||||||\||und||
=100  \\$aMaclc Thomas
=245  \4$aThe beginner's Bible:Bible Question and Answer Book
=260  \\$a"Sisters,Oregon"
=260  \\$b"Questar Publishers, Inc"
=300  \\$a379

