=LDR  00000nam a2200000Ia 4500
=008  150128s9999||||xx\||||||||||||||\||und||
=100  \\$aCarol Watson
=245  \\$a365 Children's Prayers
=260  \\$aIllionis
=260  \\$bLion Publishing
=300  \\$a160

