=LDR  00000nam a2200000Ia 4500
=008  150128s9999||||xx\||||||||||||||\||und||
=245  \\$aJesus Speaks to Everyone
=260  \\$aN.Y.
=260  \\$bAmerican Bible Society
=300  \\$a0

