=LDR  00000nam a2200000Ia 4500
=008  150128s9999||||xx\||||||||||||||\||und||
=100  \\$aJulianne Booth
=245  \\$aBooks of the New Testment
=260  \\$aMissouri
=260  \\$bConcordia Publishing House
=300  \\$a32

