=LDR  00000nam a2200000Ia 4500
=008  150128s9999||||xx\||||||||||||||\||und||
=100  \\$aJesse Lyman Hurlbut
=245  \\$aKid's Bible Story Book
=260  \\$aOhio
=260  \\$b"Barhour and Company, Inc."
=300  \\$a363

