=LDR  00000nam a2200000Ia 4500
=008  150128s9999||||xx\||||||||||||||\||und||
=245  \\$aEvery Day with God
=260  \\$a;
=260  \\$bWord Publishing
=300  \\$a527

