=LDR  00000nam a2200000Ia 4500
=008  150128s9999||||xx\||||||||||||||\||und||
=100  \\$aElaine L. Schulte
=245  \\$aHere Comes Ginger!
=260  \\$aIllionis
=260  \\$bDavid C. Cook Publishing
=300  \\$a118

