=LDR  00000nam a2200000Ia 4500
=008  150128s9999||||xx\||||||||||||||\||und||
=100  \\$aEllak Lindvall
=245  \4$aThe Bible Illustrated for Little Children
=260  \\$aChicago
=260  \\$bMoody Press
=300  \\$a190

