=LDR  00000nam a2200000Ia 4500
=008  150128s9999||||xx\||||||||||||||\||und||
=100  \\$aEllak. Lindvall
=245  \4$aThe bible illustrated for little children
=260  \\$aChicago
=260  \\$bthe moody bible institure
=300  \\$a191

