=LDR  00000nam a2200000Ia 4500
=008  150128s9999||||xx\||||||||||||||\||und||
=100  \\$aErnie Rettino ; Debby Kerner Rettino
=245  \\$aPSALTY in the South Pacific
=260  \\$aLondon
=260  \\$bWorld Publishing
=300  \\$a191

