=LDR  00000nam a2200000Ia 4500
=008  150128s9999||||xx\||||||||||||||\||und||
=100  \\$aJean Bernard Thompson
=245  \\$aBible Stories in Rhyme
=260  \\$aChicago
=260  \\$bMoody Press
=300  \\$a119

