=LDR  00000nam a2200000Ia 4500
=008  150128s9999||||xx\||||||||||||||\||und||
=100  \\$aChristopher A. Lane
=245  \\$aKing Leonard's Great Grape Harvest
=260  \\$aIL. U.S.A.
=260  \\$bVictor Books
=300  \\$a0

