=LDR  00000nam a2200000Ia 4500
=008  150128s9999||||xx\||||||||||||||\||und||
=100  \\$aANN Hibbard
=245  \\$aTree Forts and Trumpets
=260  \\$aDallas
=260  \\$bFocus on the family publishing
=300  \\$a31

