=LDR  00000nam a2200000Ia 4500
=008  150128s9999||||xx\||||||||||||||\||und||
=100  \\$aChristopher A. lane
=245  \\$aNicholas & his neighbors
=260  \\$aUSA
=260  \\$bVictor Books
=300  \\$a30

