=LDR  00000nam a2200000Ia 4500
=008  150128s9999||||xx\||||||||||||||\||und||
=100  \\$aSquire D. Rushnell
=245  \\$aLittle David's Adventure
=260  \\$aTexa
=260  \\$bWord
=300  \\$a64

