=LDR  00000nam a2200000Ia 4500
=008  150128s9999||||xx\||||||||||||||\||und||
=100  \\$aKathryn Dahlstrom
=245  \\$aStreetGames
=260  \\$aMontanna
=260  \\$bCEF Press
=300  \\$a173

