=LDR  00000nam a2200000Ia 4500
=008  150128s9999||||xx\||||||||||||||\||und||
=100  \\$aMartin Powell
=245  \\$aIn His Steps
=260  \\$aNew York
=260  \\$bMarvel Comics
=300  \\$a92

