=LDR  00000nam a2200000Ia 4500
=008  150128s9999||||xx\||||||||||||||\||und||
=100  \\$akathryn Dahlstrom
=245  \\$aTrapped by an Earthquake
=260  \\$aWarrenton
=260  \\$bCEF Press
=300  \\$a211

