=LDR  00000nam a2200000Ia 4500
=008  150128s9999||||xx\||||||||||||||\||und||
=100  \\$aSusan E. Hilliard
=245  \\$aOut of the wilderness
=260  \\$aOHIO
=260  \\$bStanding publishing
=300  \\$a144

