=LDR  00000nam a2200000Ia 4500
=008  150128s9999||||xx\||||||||||||||\||und||
=100  \\$aLinda & Alan Parry
=245  \\$aWonderful You!
=260  \\$aTenesse
=260  \\$bThomas Nelson Inc.
=300  \\$a12

