=LDR  00000nam a2200000Ia 4500
=008  150128s9999||||xx\||||||||||||||\||und||
=100  \\$a"Bauer, Walter"
=245  \\$a新約希臘文中文辭典
=260  \\$a台灣台中
=260  \\$b浸宣出版社
=300  \\$a5624p

