=LDR  00000nam a2200000Ia 4500
=008  150128s9999||||xx\||||||||||||||\||und||
=100  \\$a"Brenton, Lancelot C. L."
=245  \4$aThe Septugint With Apocrypha: Greek and English
=260  \\$aUSA
=260  \\$bHendrickson Publishers
=300  \\$a1127p

