=LDR  00000nam a2200000Ia 4500
=008  150128s9999||||xx\||||||||||||||\||und||
=100  \\$a"Arndt, William F.;Gingrich, F. Wilbur"
=245  \2$aA Greek-English Lexicon of the New Testament and Other Early Christian
=260  \\$aChicago
=260  \\$bThe University of Chicago Press
=300  \\$a900p

