=LDR  00000nam a2200000Ia 4500
=008  150128s9999||||xx\||||||||||||||\||und||
=100  \\$a"Taylor, Bernard A."
=245  \4$aThe Analytical Lexicon To the Septuagint
=260  \\$a"Grand Rapids, MI"
=260  \\$bZondervan Publishing House
=300  \\$a460p

