=LDR  00000nam a2200000Ia 4500
=008  150128s9999||||xx\||||||||||||||\||und||
=100  \\$a"Perschbacher, Wesley J."
=245  \\$aNew Testament Greek Syntax - An Illustrated Manual
=260  \\$aChicago
=260  \\$bMoody Press
=300  \\$a449p

