=LDR  00000nam a2200000Ia 4500
=008  150128s9999||||xx\||||||||||||||\||und||
=245  \4$aThe Interlinear NASB-NIV Parallel New Testament in Greek and English
=260  \\$a"Grand Rapids, MI"
=260  \\$bZondervan Publishing House
=300  \\$a753p

