=LDR  00000nam a2200000Ia 4500
=008  150128s9999||||xx\||||||||||||||\||und||
=245  \\$aTheological Dictionary of the New Testament
=260  \\$a"Grand Rapids, MI"
=260  \\$bWm. B. Eerdmans Publishing Co.
=300  \\$a1356p

