=LDR  00000nam a2200000Ia 4500
=008  150128s9999||||xx\||||||||||||||\||und||
=100  \\$a"Robertson, A. T."
=245  \2$aA Grammar of The Greek New Testament in the Light of Historical Resear
=260  \\$a"Nashville, TN"
=260  \\$bBroadman Press
=300  \\$a1454p.

