=LDR  00000nam a2200000Ia 4500
=008  150128s9999||||xx\||||||||||||||\||und||
=100  \\$aV.Gilbert Beers; Ronald A. Beers
=245  \\$aLittle People in Tough Spots
=260  \\$a"Nashville, Tennesse"
=260  \\$b"Olver, Nelson Books"
=300  \\$a151

