=LDR  00000nam a2200000Ia 4500
=008  150128s9999||||xx\||||||||||||||\||und||
=100  \\$a鄭果
=245  \\$a舉目看田 - 海外華人五千萬
=260  \\$a美國
=260  \\$b中信
=300  \\$a13p.

