=LDR  00000nam a2200000Ia 4500
=008  150128s9999||||xx\||||||||||||||\||und||
=100  \\$a許光導
=245  \\$a今日華人教會普世差傳的策略
=260  \\$a美國
=260  \\$b中信
=300  \\$a16p.

