=LDR  00000nam a2200000Ia 4500
=008  150128s9999||||xx\||||||||||||||\||und||
=100  \\$a許光導
=245  \\$a教會普世宣道事工，      一條蒙福的途徑
=260  \\$a美國
=260  \\$b中信
=300  \\$a63p.

