=LDR  00000nam a2200000Ia 4500
=008  150128s9999||||xx\||||||||||||||\||und||
=100  \\$a謝淑玉等
=245  \\$a婦女團契手冊
=260  \\$a台灣
=260  \\$b長老會
=300  \\$a116p

