=LDR  00000nam a2200000Ia 4500
=008  150128s9999||||xx\||||||||||||||\||und||
=100  \\$a溫偉耀
=245  \\$a無能者的大能
=260  \\$a香港
=260  \\$b卓越
=300  \\$a143p.

