=LDR  00000nam a2200000Ia 4500
=008  150128s9999||||xx\||||||||||||||\||und||
=100  \\$a龔 天 民
=245  \\$a觀 世 音 菩 薩 真 相
=260  \\$a台灣
=260  \\$b校園
=300  \\$a47p.

