=LDR  00000nam a2200000Ia 4500
=008  150128s9999||||xx\||||||||||||||\||und||
=100  \\$a卓良珍
=245  \\$a杜鵑窩拾穗
=260  \\$a台灣
=260  \\$b宇宙光
=300  \\$a125p.

