=LDR  00000nam a2200000Ia 4500
=008  150128s9999||||xx\||||||||||||||\||und||
=100  \\$a林道亮
=245  \\$a從靈洗到滿有聖靈
=260  \\$a台灣
=260  \\$b華神
=300  \\$a77p.

