=LDR  00000nam a2200000Ia 4500
=008  150128s9999||||xx\||||||||||||||\||und||
=245  \\$a神在那裏
=260  \\$a香港
=260  \\$b播道
=300  \\$a0

