=LDR  00000nam a2200000Ia 4500
=008  150128s9999||||xx\||||||||||||||\||und||
=100  \\$aLivingstone
=245  \\$a以斯帖書精解
=260  \\$a台灣
=260  \\$b靈修書室
=300  \\$a148p.

