=LDR  00000nam a2200000Ia 4500
=008  150128s9999||||xx\||||||||||||||\||und||
=100  \\$a陳偉崑
=245  \\$a聖經七時代簡介
=260  \\$a香港
=260  \\$b陳偉崑
=300  \\$a95p.

