=LDR  00000nam a2200000Ia 4500
=008  150128s9999||||xx\||||||||||||||\||und||
=100  \\$a曾立華
=245  \\$a認識新紀元運動
=260  \\$a香港
=260  \\$b宣道
=300  \\$a30p

