=LDR  00000nam a2200000Ia 4500
=008  150128s9999||||xx\||||||||||||||\||und||
=100  \\$a"Carlberg,Gustav"
=245  \\$a路德脫離天主教前後
=260  \\$a香港
=260  \\$b信義宗聯合出版部
=300  \\$a54p.

