=LDR  00000nam a2200000Ia 4500
=008  150128s9999||||xx\||||||||||||||\||und||
=100  \\$a"Herbert,Roy"
=245  \\$a聖公會信仰簡介
=260  \\$a臺灣
=260  \\$b主日學
=300  \\$a95p.

