=LDR  00000nam a2200000Ia 4500
=008  150128s9999||||xx\||||||||||||||\||und||
=100  \\$a學園
=245  \\$a天使?0
=260  \\$a159p.
=260  \\$b1988

