=LDR  00000nam a2200000Ia 4500
=008  150128s9999||||xx\||||||||||||||\||und||
=100  \\$a"Berkhof,L"
=245  \\$a釋經學原理
=260  \\$a香港
=260  \\$b浸信會
=300  \\$a163p.

