=LDR  00000nam a2200000Ia 4500
=008  150128s9999||||xx\||||||||||||||\||und||
=100  \\$a"Lewis,C.S."
=245  \\$a四種愛
=260  \\$a台灣
=260  \\$b基文社
=300  \\$a148p.

