=LDR  00000nam a2200000Ia 4500
=008  150128s9999||||xx\||||||||||||||\||und||
=100  \\$a謝模善
=245  \\$a福音集錦
=260  \\$a香港
=260  \\$b活水
=300  \\$a199p.

