=LDR  00000nam a2200000Ia 4500
=008  150128s9999||||xx\||||||||||||||\||und||
=100  \\$a"Hitner,Seward"
=245  \\$a牧範學導言
=260  \\$a香港
=260  \\$b文藝
=300  \\$a284p.

