=LDR  00000nam a2200000Ia 4500
=008  150128s9999||||xx\||||||||||||||\||und||
=100  \\$a張郁嵐
=245  \\$a耶穌是神的兒子嗎？
=260  \\$a台灣
=260  \\$b福音
=300  \\$a75p.

