=LDR  00000nam a2200000Ia 4500
=008  150128s9999||||xx\||||||||||||||\||und||
=100  \\$a"Barclay,William"
=245  \\$a新約原文字解
=260  \\$a香港
=260  \\$b基文
=300  \\$a187p.

