=LDR  00000nam a2200000Ia 4500
=008  150128s9999||||xx\||||||||||||||\||und||
=100  \\$a唐以理
=245  \\$a聖經寶訓(上)
=260  \\$a香港
=260  \\$b浸信會
=300  \\$a0

