=LDR  00000nam a2200000Ia 4500
=008  150128s9999||||xx\||||||||||||||\||und||
=100  \\$a李道生
=245  \\$a聖經與中國文化
=260  \\$a台灣
=260  \\$b主日學
=300  \\$a358p.

