=LDR  00000nam a2200000Ia 4500
=008  150128s9999||||xx\||||||||||||||\||und||
=100  \\$a周聯華
=245  \\$a基督教信仰與中國
=260  \\$a台灣
=260  \\$b浸信會
=300  \\$a245p.

