=LDR  00000nam a2200000Ia 4500
=008  150128s9999||||xx\||||||||||||||\||und||
=100  \\$a盧約翰
=245  \\$a科學與信仰之和諧
=260  \\$a香港
=260  \\$b宣道
=300  \\$a214p.

