=LDR  00000nam a2200000Ia 4500
=008  150128s9999||||xx\||||||||||||||\||und||
=100  \\$a賈玉銘
=245  \\$a聖經要義 歷史書(上)卷二
=260  \\$a香港
=260  \\$b晨星
=300  \\$a944p.

