=LDR  00000nam a2200000Ia 4500
=008  150128s9999||||xx\||||||||||||||\||und||
=100  \\$a"Carmichael, Amy"
=245  \\$a若
=260  \\$a香港
=260  \\$b證主
=300  \\$a0

