=LDR  00000nam a2200000Ia 4500
=008  150128s9999||||xx\||||||||||||||\||und||
=100  \\$a邵遵瀾
=245  \\$a大有果效的事奉—邵遵瀾講道集
=260  \\$a香港
=260  \\$b證道
=300  \\$a175p.

