=LDR  00000nam a2200000Ia 4500
=008  150128s9999||||xx\||||||||||||||\||und||
=100  \\$a陳馬可
=245  \\$a各樣的安慰
=260  \\$a香港
=260  \\$b中國佈道會
=300  \\$a242p.

