=LDR  00000nam a2200000Ia 4500
=008  150128s9999||||xx\||||||||||||||\||und||
=100  \\$a"MacDonald,Gordon"
=245  \\$a心意更新—如何調整內心生活
=260  \\$a香港
=260  \\$b證主
=300  \\$a189p.

