=LDR  00000nam a2200000Ia 4500
=008  150128s9999||||xx\||||||||||||||\||und||
=100  \\$a"Swindoll,charles R."
=245  \\$a進深之旅—認識三一神
=260  \\$a香港
=260  \\$b福音
=300  \\$a176p.

