=LDR  00000nam a2200000Ia 4500
=008  150128s9999||||xx\||||||||||||||\||und||
=100  \\$a蘇文峰
=245  \\$a孤蓬萬里征
=260  \\$a美國
=260  \\$b使者
=300  \\$a231p.

