=LDR  00000nam a2200000Ia 4500
=008  150128s9999||||xx\||||||||||||||\||und||
=100  \\$a王志學
=245  \\$a經歷神
=260  \\$a香港
=260  \\$b基道
=300  \\$a200p.

