=LDR  00000nam a2200000Ia 4500
=008  150128s9999||||xx\||||||||||||||\||und||
=100  \\$a鄭天福
=245  \\$a信心增長的三階段
=260  \\$a台灣
=260  \\$b神的教會
=300  \\$a62p.

