=LDR  00000nam a2200000Ia 4500
=008  150128s9999||||xx\||||||||||||||\||und||
=100  \\$a林克己；麥希真；高文
=245  \\$a培靈講道36集
=260  \\$a香港
=260  \\$b港九培靈研經會
=300  \\$a224p.

