=LDR  00000nam a2200000Ia 4500
=008  150128s9999||||xx\||||||||||||||\||und||
=100  \\$a"MacArthur,John F. Jr."
=245  \\$a執事十問
=260  \\$a香港
=260  \\$b福音團契
=300  \\$a24p.

