=LDR  00000nam a2200000Ia 4500
=008  150128s9999||||xx\||||||||||||||\||und||
=100  \\$a"Duncan,M.H."
=245  \\$a我為什麼相信聖經
=260  \\$a台灣
=260  \\$b主日學
=300  \\$a56p.

