=LDR  00000nam a2200000Ia 4500
=008  150128s9999||||xx\||||||||||||||\||und||
=100  \\$a章力生
=245  \\$a基督教的天道觀
=260  \\$a台灣
=260  \\$b中信
=300  \\$a42p.

