=LDR  00000nam a2200000Ia 4500
=008  150128s9999||||xx\||||||||||||||\||und||
=100  \\$a"Kreeft,Peter"
=245  \\$a快活人生—與二十世紀     蘇格拉底對話
=260  \\$a台灣
=260  \\$b校園
=300  \\$a99p.

