=LDR  00000nam a2200000Ia 4500
=008  150128s9999||||xx\||||||||||||||\||und||
=100  \\$a"Swindoll,Charles R."
=245  \\$a勇敢的拿下面具，做個    真誠自然的人
=260  \\$a台灣
=260  \\$b大光
=300  \\$a269p.

