=LDR  00000nam a2200000Ia 4500
=008  150128s9999||||xx\||||||||||||||\||und||
=245  \\$a成全聖徒各盡其職
=260  \\$a美國
=260  \\$b紐約夏令會
=300  \\$a230p.

