=LDR  00000nam a2200000Ia 4500
=008  150128s9999||||xx\||||||||||||||\||und||
=100  \\$a王國顯
=245  \\$a聖經裏的聖靈充滿
=260  \\$a九龍
=260  \\$b晨星
=300  \\$a63p.

