=LDR  00000nam a2200000Ia 4500
=008  150128s9999||||xx\||||||||||||||\||und||
=100  \\$a邵遵瀾
=245  \\$a從聖經看長執
=260  \\$a台灣
=260  \\$b華神
=300  \\$a98p.

