=LDR  00000nam a2200000Ia 4500
=008  150128s9999||||xx\||||||||||||||\||und||
=100  \\$a張永信
=245  \\$a啟示錄註釋
=260  \\$a香港
=260  \\$b宣道
=300  \\$a361p.

