=LDR  00000nam a2200000Ia 4500
=008  150128s9999||||xx\||||||||||||||\||und||
=100  \\$a"Minear,Ralph E.;Proctor,William"
=245  \\$a不要給孩子太多
=260  \\$a台灣
=260  \\$b主日學
=300  \\$a240p.

