=LDR  00000nam a2200000Ia 4500
=008  150128s9999||||xx\||||||||||||||\||und||
=100  \\$a鄭連明
=245  \\$a中國景教的研究
=260  \\$a台灣
=260  \\$b長老會
=300  \\$a100p.

