=LDR  00000nam a2200000Ia 4500
=008  150128s9999||||xx\||||||||||||||\||und||
=100  \\$a徐松石
=245  \\$a基督眼裏的中華民族(上)
=260  \\$a香港
=260  \\$b浸信會
=300  \\$a176p.

