=LDR  00000nam a2200000Ia 4500
=008  150128s9999||||xx\||||||||||||||\||und||
=100  \\$a陳終道
=245  \\$a寫給事奉神的人
=260  \\$a臺北
=260  \\$b福音文宣社
=300  \\$a142p.

