=LDR  00000nam a2200000Ia 4500
=008  150128s9999||||xx\||||||||||||||\||und||
=100  \\$a"Clinefell,Howard J."
=245  \\$a牧會協談的基本類型
=260  \\$a台灣
=260  \\$b教會公報社
=300  \\$a346p.

