=LDR  00000nam a2200000Ia 4500
=008  150128s9999||||xx\||||||||||||||\||und||
=100  \\$a"Graham,Billy"
=245  \\$a幸福之鑰
=260  \\$a九龍
=260  \\$b浸信會
=300  \\$a202p.

