=LDR  00000nam a2200000Ia 4500
=008  150128s9999||||xx\||||||||||||||\||und||
=100  \\$a"Stott,John R.W."
=245  \\$a獨排眾議的基督—福音派要道研究
=260  \\$a香港
=260  \\$b證道
=300  \\$a139p.

