=LDR  00000nam a2200000Ia 4500
=008  150128s9999||||xx\||||||||||||||\||und||
=100  \\$a"McDowell,Josh; Larson Bart"
=245  \\$a耶穌—神的兒子
=260  \\$a台灣
=260  \\$b學園
=300  \\$a102p.

