=LDR  00000nam a2200000Ia 4500
=008  150128s9999||||xx\||||||||||||||\||und||
=100  \\$a周聯華
=245  \\$a我不信—信仰難題解答
=260  \\$a台灣
=260  \\$b宇宙光
=300  \\$a118p.

