=LDR  00000nam a2200000Ia 4500
=008  150128s9999||||xx\||||||||||||||\||und||
=100  \\$a林建二；羅榮光
=245  \\$a稱職的現代師母
=260  \\$a台灣
=260  \\$b人民
=300  \\$a130p.

