=LDR  00000nam a2200000Ia 4500
=008  150128s9999||||xx\||||||||||||||\||und||
=100  \\$a"Getz, Gene A."
=245  \\$a家—教會的縮影
=260  \\$a香港
=260  \\$b證主
=300  \\$a173p.

