=LDR  00000nam a2200000Ia 4500
=008  150128s9999||||xx\||||||||||||||\||und||
=100  \\$a"Walters, Orville"
=245  \\$a精神醫學與教牧神學
=260  \\$a台灣
=260  \\$b華神
=300  \\$a124p.

