=LDR  00000nam a2200000Ia 4500
=008  150128s9999||||xx\||||||||||||||\||und||
=100  \\$a"Griffiths,Michael"
=245  \\$a認識教會(原書名﹕美境重尋)
=260  \\$a台灣
=260  \\$b校園
=300  \\$a146p.

