=LDR  00000nam a2200000Ia 4500
=008  150128s9999||||xx\||||||||||||||\||und||
=100  \\$a鄭國治
=245  \\$a中華文化與聖經教訓之對比
=260  \\$a台灣
=260  \\$b學園
=300  \\$a119p.

