=LDR  00000nam a2200000Ia 4500
=008  150128s9999||||xx\||||||||||||||\||und||
=100  \\$a馬有藻
=245  \\$a新約概論
=260  \\$a台灣
=260  \\$b中信
=300  \\$a452p.

