=LDR  00000nam a2200000Ia 4500
=008  150128s9999||||xx\||||||||||||||\||und||
=100  \\$a"Baxter,Sidlow J."
=245  \\$a聖經研究(三)—兩約之間至啟示錄
=260  \\$a加拿大
=260  \\$b種籽
=300  \\$a698p.

