=LDR  00000nam a2200000Ia 4500
=008  150128s9999||||xx\||||||||||||||\||und||
=100  \\$a"Teringo,Robert"
=245  \\$a應許之地小百科
=260  \\$a台灣
=260  \\$b大光
=300  \\$a283p.

