=LDR  00000nam a2200000Ia 4500
=008  150128s9999||||xx\||||||||||||||\||und||
=100  \\$a"Miura,Ayako"
=245  \\$a尋道記
=260  \\$a九龍
=260  \\$b文藝
=300  \\$a291p.

