=LDR  00000nam a2200000Ia 4500
=008  150128s9999||||xx\||||||||||||||\||und||
=100  \\$a曾家彬等
=245  \\$a枷鎖
=260  \\$a美國
=260  \\$b中信
=300  \\$a187

