=LDR  00000nam a2200000Ia 4500
=008  150128s9999||||xx\||||||||||||||\||und||
=100  \\$a"Geisler,Norman L.;Brooks,Ronald M."
=245  \\$a當代護教手冊
=260  \\$a台灣
=260  \\$b校園
=300  \\$a410p.

