=LDR  00000nam a2200000Ia 4500
=008  150128s9999||||xx\||||||||||||||\||und||
=100  \\$a王武聰
=245  \\$a為我骨肉之親—給台灣百姓的福音
=260  \\$a美國
=260  \\$b台福
=300  \\$a109p.

