=LDR  00000nam a2200000Ia 4500
=008  150128s9999||||xx\||||||||||||||\||und||
=100  \\$a趙中輝
=245  \\$a聖經鳥瞰
=260  \\$a台灣
=260  \\$b改革宗翻譯社
=300  \\$a152p.

