=LDR  00000nam a2200000Ia 4500
=008  150128s9999||||xx\||||||||||||||\||und||
=100  \\$a洪寬威
=245  \\$a聖經中的風俗習慣
=260  \\$a台灣
=260  \\$b台灣長老會
=300  \\$a56p.

