=LDR  00000nam a2200000Ia 4500
=008  150128s9999||||xx\||||||||||||||\||und||
=100  \\$a"Harrison,Everett F."
=245  \\$a新約導論
=260  \\$a台灣
=260  \\$b浸宣
=300  \\$a555p.

