=LDR  00000nam a2200000Ia 4500
=008  150128s9999||||xx\||||||||||||||\||und||
=100  \\$a"Mcgee,J.Vernon"
=245  \\$a聖經簡析
=260  \\$a香港
=260  \\$b福音團契
=300  \\$a191p.

