=LDR  00000nam a2200000Ia 4500
=008  150128s9999||||xx\||||||||||||||\||und||
=100  \\$a"Kelly,Balmer H."
=245  \\$a列祖的腳蹤—上帝子民的歷史
=260  \\$a台灣
=260  \\$b人光
=300  \\$a101p.

