=LDR  00000nam a2200000Ia 4500
=008  150128s9999||||xx\||||||||||||||\||und||
=100  \\$a"Morgan,G.Campbell"
=245  \\$a約翰福音
=260  \\$a美國
=260  \\$b活石
=300  \\$a288p.

