=LDR  00000nam a2200000Ia 4500
=008  150128s9999||||xx\||||||||||||||\||und||
=100  \\$a"Lewis,Gordon R."
=245  \\$a信仰之環
=260  \\$a台灣
=260  \\$b中信
=300  \\$a165p.

