=LDR  00000nam a2200000Ia 4500
=008  150128s9999||||xx\||||||||||||||\||und||
=100  \\$a"Birrel,M.B."
=245  \\$a福音要旨回答
=260  \\$a香港
=260  \\$b宣道
=300  \\$a51p.

