=LDR  00000nam a2200000Ia 4500
=008  150128s9999||||xx\||||||||||||||\||und||
=100  \\$a"Wood,Barry"
=245  \\$a非基督徒的問題探索
=260  \\$a台灣
=260  \\$b主日學
=300  \\$a217p.

