=LDR  00000nam a2200000Ia 4500
=008  150128s9999||||xx\||||||||||||||\||und||
=100  \\$a吳主光
=245  \\$a福音神學暨福音難題解答
=260  \\$a香港
=260  \\$b天道
=300  \\$a513p.

