=LDR  00000nam a2200000Ia 4500
=008  150128s9999||||xx\||||||||||||||\||und||
=100  \\$a"Turnbull,M.Ryerson"
=245  \\$a創世記自習指導
=260  \\$a台灣
=260  \\$b主日學
=300  \\$a118p.

