=LDR  00000nam a2200000Ia 4500
=008  150128s9999||||xx\||||||||||||||\||und||
=100  \\$a"Barclay,William"
=245  \\$a約翰福音註釋(下)
=260  \\$a香港
=260  \\$b文藝
=300  \\$a318p.

