=LDR  00000nam a2200000Ia 4500
=008  150128s9999||||xx\||||||||||||||\||und||
=100  \\$a"Tramp,H"
=245  \4$aThe Incredible Journey
=260  \\$aUSA
=260  \\$bThomas Nelson
=300  \\$a12

