=LDR  00000nam a2200000Ia 4500
=008  150128s9999||||xx\||||||||||||||\||und||
=100  \\$a"Coleman, William"
=245  \\$aTrouble In The School Yard
=260  \\$aUSA
=260  \\$bDavid Cook Publishing
=300  \\$a0

