=LDR  00000nam a2200000Ia 4500
=008  150128s9999||||xx\||||||||||||||\||und||
=100  \\$a"Daphne, Gary"
=245  \\$aHeather White Stone
=260  \\$aUSA
=260  \\$bHarper Collins
=300  \\$a121p

