=LDR  00000nam a2200000Ia 4500
=008  150128s9999||||xx\||||||||||||||\||und||
=100  \\$a"Douglass, Steve"
=245  \\$aHow to Get Better Grades and Have More Fun
=260  \\$aUSA
=260  \\$bHere's Life
=300  \\$a143p

