=LDR  00000nam a2200000Ia 4500
=008  150128s9999||||xx\||||||||||||||\||und||
=100  \\$a"Maxwell, Arthur"
=245  \4$aThe Bible Story
=260  \\$aUSA
=260  \\$bStanbourough
=300  \\$a192p

