=LDR  00000nam a2200000Ia 4500
=008  150128s9999||||xx\||||||||||||||\||und||
=100  \\$a"Eareckson, Joni"
=245  \\$a輪 椅 上 的 畫 家
=260  \\$a台北
=260  \\$b中國主日學
=300  \\$a175

