=LDR  00000nam a2200000Ia 4500
=008  150128s9999||||xx\||||||||||||||\||und||
=100  \\$a"Meyer, F.B."
=245  \\$a蒙 福 生 活 -- 現 在 與 未 來
=260  \\$aUSA
=260  \\$b活 泉
=300  \\$a165

