=LDR  00000nam a2200000Ia 4500
=008  150128s9999||||xx\||||||||||||||\||und||
=100  \\$a"Vos,G.Johannes"
=245  \\$a基 督 教 與 世 界 宗 教
=260  \\$a台 灣
=260  \\$b基 督 教 改 革 宗 翻 譯
=300  \\$a67p.

