=LDR  00000nam a2200000Ia 4500
=008  150128s9999||||xx\||||||||||||||\||und||
=100  \\$aIsabel Kuhn
=245  \\$a尋
=260  \\$a台北
=260  \\$b主 日 學
=300  \\$a203

