=LDR  00000nam a2200000Ia 4500
=008  150128s9999||||xx\||||||||||||||\||und||
=100  \\$a焦 源 濂
=245  \\$a美 辭 泉 湧 (下 )
=260  \\$a台北
=260  \\$b校園
=300  \\$a455

