=LDR  00000nam a2200000Ia 4500
=008  150128s9999||||xx\||||||||||||||\||und||
=100  \\$a"Lockerbie, Jeanette"
=245  \\$a饒 恕 的 藝 術
=260  \\$a台北
=260  \\$b校園
=300  \\$a229

