=LDR  00000nam a2200000Ia 4500
=008  150128s9999||||xx\||||||||||||||\||und||
=100  \\$a倪 柝 聲
=245  \\$a魂 的 潛 勢 力
=260  \\$a台北
=260  \\$b歸主
=300  \\$a68

