=LDR  00000nam a2200000Ia 4500
=008  150128s9999||||xx\||||||||||||||\||und||
=100  \\$a"Sparks, Austin"
=245  \\$a十 字 架 的 三 重 定 理 -- 神 救 贖 的 原 則 之 二
=260  \\$a台北
=260  \\$b福音
=300  \\$a12

