=LDR  00000nam a2200000Ia 4500
=008  150128s9999||||xx\||||||||||||||\||und||
=100  \\$a"Ritchie, George"
=245  \\$a死 亡 九 分 鐘
=260  \\$a台北
=260  \\$b中國主日學
=300  \\$a170

