=LDR  00000nam a2200000Ia 4500
=008  150128s9999||||xx\||||||||||||||\||und||
=100  \\$a"Holmquist,H.H."
=245  \\$a馬 丁 路 德 傳
=260  \\$a香港
=260  \\$b道聲
=300  \\$a213

