=LDR  00000nam a2200000Ia 4500
=008  150128s9999||||xx\||||||||||||||\||und||
=100  \\$a"Adeney, David"
=245  \\$a他 必 保 守
=260  \\$a香港
=260  \\$bNA
=300  \\$a103

