=LDR  00000nam a2200000Ia 4500
=008  150128s9999||||xx\||||||||||||||\||und||
=100  \\$a"Felwell, Jerry"
=245  \\$a聖 經 如 何 教 導 禁 食
=260  \\$a台北
=260  \\$b橄欖
=300  \\$a63

