=LDR  00000nam a2200000Ia 4500
=008  150128s9999||||xx\||||||||||||||\||und||
=100  \\$a吳 恩 溥
=245  \\$a行 在 神 的 旨 意 中
=260  \\$a台北
=260  \\$b聖文社
=300  \\$a128

