=LDR  00000nam a2200000Ia 4500
=008  150128s9999||||xx\||||||||||||||\||und||
=100  \\$a"Bright, Bill"
=245  \\$a聖 靈 — 超 然 生 活 之 鑰
=260  \\$a台 灣
=260  \\$b學 園
=300  \\$a228p.

