=LDR  00000nam a2200000Ia 4500
=008  150128s9999||||xx\||||||||||||||\||und||
=100  \\$a陳 則 信
=245  \\$a默 想 撒 母 耳 記 上
=260  \\$a香 港
=260  \\$b基 督 徒 出 版 社
=300  \\$a195p.

