=LDR  00000nam a2200000Ia 4500
=008  150128s9999||||xx\||||||||||||||\||und||
=245  \\$a戰 地 實 錄
=260  \\$a香 港
=260  \\$b播 道
=300  \\$a132p.

