=LDR  00000nam a2200000Ia 4500
=008  150128s9999||||xx\||||||||||||||\||und||
=245  \\$a奇 特 的 耶 穌
=260  \\$a台 灣
=260  \\$b學 園
=300  \\$a41p.

