=LDR  00000nam a2200000Ia 4500
=008  150128s9999||||xx\||||||||||||||\||und||
=245  \\$a基 督 徒 與 聖 靈
=260  \\$a台 灣
=260  \\$b學 園
=300  \\$a25p.

