=LDR  00000nam a2200000Ia 4500
=008  150128s9999||||xx\||||||||||||||\||und||
=245  \\$a基 督 徒 與 豐 盛 的 生 命
=260  \\$a台 灣
=260  \\$b學 園
=300  \\$a40p.

