=LDR  00000nam a2200000Ia 4500
=008  150128s9999||||xx\||||||||||||||\||und||
=100  \\$a"Carlberg, Gustav"
=245  \\$a耶 利 米 與 今 日
=260  \\$a香 港
=260  \\$b信 義宗 聯 合 出 版 部
=300  \\$a27p.

