=LDR  00000nam a2200000Ia 4500
=008  150128s9999||||xx\||||||||||||||\||und||
=100  \\$a"Peskett, Howard"
=245  \\$a危 機、審 判、復 興
=260  \\$a香 港
=260  \\$b學 生 福 音 團 契
=300  \\$a60p.

