=LDR  00000nam a2200000Ia 4500
=008  150128s9999||||xx\||||||||||||||\||und||
=245  \\$a遙 報 喜 信 (以 賽 亞 書 )
=260  \\$a香 港
=260  \\$b播 道 會
=300  \\$a193p.

