=LDR  00000nam a2200000Ia 4500
=008  150128s9999||||xx\||||||||||||||\||und||
=100  \\$a滕 近 輝
=245  \\$a愛 徒 的 叮 嚀
=260  \\$a香 港
=260  \\$b宣 道
=300  \\$a157p.

