=LDR  00000nam a2200000Ia 4500
=008  150128s9999||||xx\||||||||||||||\||und||
=100  \\$a高 惠 民
=245  \\$a信 仰 入 門
=260  \\$a台 灣
=260  \\$b人 光
=300  \\$a131p.

