=LDR  00000nam a2200000Ia 4500
=008  150128s9999||||xx\||||||||||||||\||und||
=245  \\$a認 識 神 的 途 徑
=260  \\$a台 灣
=260  \\$b福 音
=300  \\$a41p.

