=LDR  00000nam a2200000Ia 4500
=008  150128s9999||||xx\||||||||||||||\||und||
=100  \\$a"Morgan, G. Campbell"
=245  \\$a活 著 就 是 基 督
=260  \\$a美 國
=260  \\$b活 泉
=300  \\$a231p.

