=LDR  00000nam a2200000Ia 4500
=008  150128s9999||||xx\||||||||||||||\||und||
=100  \\$a"Kuiper,R.B."
=245  \\$a聖 經 如 此 說
=260  \\$a台 灣
=260  \\$b改 革 宗 翻 譯 社
=300  \\$a131p.

