=LDR  00000nam a2200000Ia 4500
=008  150128s9999||||xx\||||||||||||||\||und||
=100  \\$a"Ladd, GeorgeEldon"
=245  \\$a新 約 神 學　上
=260  \\$a台 灣
=260  \\$b中華福音神學
=300  \\$a816

