=LDR  00000nam a2200000Ia 4500
=008  150128s9999||||xx\||||||||||||||\||und||
=100  \\$a"Tenney, Merrill, C."
=245  \\$a誰 是 老 板
=260  \\$a台 灣
=260  \\$b橄 欖
=300  \\$a121p.

