=LDR  00000nam a2200000Ia 4500
=008  150128s9999||||xx\||||||||||||||\||und||
=100  \\$a"Dobson, James C."
=245  \\$a與 夫 妻 坦 誠 交 談
=260  \\$a台 灣
=260  \\$b大 光
=300  \\$a277p.

