=LDR  00000nam a2200000Ia 4500
=008  150128s9999||||xx\||||||||||||||\||und||
=100  \\$a龍 靈 光
=245  \\$a新 約 全 書 的 正 確 譯 法
=260  \\$a香 港
=260  \\$b為 道
=300  \\$a233p.

