=LDR  00000nam a2200000Ia 4500
=008  150128s9999||||xx\||||||||||||||\||und||
=100  \\$a"Mcelheron, clifton K."
=245  \\$a使 被 欺 壓 的 得 自 由
=260  \\$a台 灣
=260  \\$b主 日 學
=300  \\$a49p.

