=LDR  00000nam a2200000Ia 4500
=008  150128s9999||||xx\||||||||||||||\||und||
=100  \\$a江 守 道
=245  \\$a基 督 是 一 切 — 新 約 各 卷 精 華(卷 一 )
=260  \\$a台 灣
=260  \\$b活 道
=300  \\$a118p.

