=LDR  00000nam a2200000Ia 4500
=008  150128s9999||||xx\||||||||||||||\||und||
=100  \\$a蘇 喬 治
=245  \\$a論 諸 先 知 的 使 命
=260  \\$a台 灣
=260  \\$b少 年 歸 主
=300  \\$a111p.

