=LDR  00000nam a2200000Ia 4500
=008  150128s9999||||xx\||||||||||||||\||und||
=100  \\$a"Huey, F. B."
=245  \\$a承 先 啟 後 話 先 知
=260  \\$a台 灣
=260  \\$b校 園
=300  \\$a191p.

