=LDR  00000nam a2200000Ia 4500
=008  150128s9999||||xx\||||||||||||||\||und||
=100  \\$a張 修 齊 ； 張 胡 怡 蒨
=245  \\$a活 用 讀 經 法
=260  \\$a香 港
=260  \\$b證 主
=300  \\$a59p.

