=LDR  00000nam a2200000Ia 4500
=008  150128s9999||||xx\||||||||||||||\||und||
=100  \\$a"Warren, N. L."
=245  \\$a當 走 之 路
=260  \\$a香 港
=260  \\$b證 主
=300  \\$a16p.

