=LDR  00000nam a2200000Ia 4500
=008  150128s9999||||xx\||||||||||||||\||und||
=100  \\$a徐 松 石
=245  \\$a詩 篇 綆 集 (滿 字 冊)
=260  \\$a香 港
=260  \\$b浸 信 會
=300  \\$a182p.

