=LDR  00000nam a2200000Ia 4500
=008  150128s9999||||xx\||||||||||||||\||und||
=100  \\$a寇 世 遠
=245  \\$a認 識 聖 靈
=260  \\$a台 灣
=260  \\$b大 光
=300  \\$a205p.

