=LDR  00000nam a2200000Ia 4500
=008  150128s9999||||xx\||||||||||||||\||und||
=100  \\$a"McGrath, Alister"
=245  \\$a我 思 故 我 信
=260  \\$a台 灣
=260  \\$b校 園
=300  \\$a144p.

