=LDR  00000nam a2200000Ia 4500
=008  150128s9999||||xx\||||||||||||||\||und||
=100  \\$a"Kurien, C. T. etc."
=245  \\$a加 號 教 會 角 色
=260  \\$a台 灣
=260  \\$b中 信
=300  \\$a127p.

