=LDR  00000nam a2200000Ia 4500
=008  150128s9999||||xx\||||||||||||||\||und||
=100  \\$a"Locyer, Herbert"
=245  \\$a改 變 世 界 的 一 週
=260  \\$a台 灣
=260  \\$b人 光
=300  \\$a160p.

