=LDR  00000nam a2200000Ia 4500
=008  150128s9999||||xx\||||||||||||||\||und||
=100  \\$a"Pippert, Rebecca; Siemens, Ruth"
=245  \\$a你 也 能 傳 福 音 — 個 人 小 組 專 題 研 經 材 料
=260  \\$a台 灣
=260  \\$b校 園
=300  \\$a65p.

