=LDR  00000nam a2200000Ia 4500
=008  150128s9999||||xx\||||||||||||||\||und||
=100  \\$a陸 汝 斌
=245  \\$a心 病 — 精 神 科 診 所
=260  \\$a台 灣
=260  \\$b宇 宙 光
=300  \\$a171p.

