=LDR  00000nam a2200000Ia 4500
=008  150128s9999||||xx\||||||||||||||\||und||
=100  \\$a"McDowell, J. ; Stewart, d."
=245  \\$a撥 雲 見 日
=260  \\$a台 灣
=260  \\$b學 園
=300  \\$a151p.

