=LDR  00000nam a2200000Ia 4500
=008  150128s9999||||xx\||||||||||||||\||und||
=100  \\$a唐 崇 榮
=245  \\$a神 與 人 之 間
=260  \\$a台 灣
=260  \\$b校 園
=300  \\$a257p.

