=LDR  00000nam a2200000Ia 4500
=008  150128s9999||||xx\||||||||||||||\||und||
=100  \\$a焦 源 濂
=245  \\$a爐 灰 中 的 懊 悔
=260  \\$a台 灣
=260  \\$b校 園
=300  \\$a263p.

