=LDR  00000nam a2200000Ia 4500
=008  150128s9999||||xx\||||||||||||||\||und||
=100  \\$a"Redpath, Alan"
=245  \\$a基 督 徒 勝 利 的 工 作
=260  \\$a香 港
=260  \\$b播 道 會
=300  \\$a146p.

