=LDR  00000nam a2200000Ia 4500
=008  150128s9999||||xx\||||||||||||||\||und||
=100  \\$a李 常 受
=245  \\$a讀 經 課 程 — 聖 經 的 完 成
=260  \\$a台 灣
=260  \\$b福 音
=300  \\$a21p.

