=LDR  00000nam a2200000Ia 4500
=008  150128s9999||||xx\||||||||||||||\||und||
=100  \\$a周 聯 華
=245  \\$a中 文 聖 經 註 釋—新 約 概 論
=260  \\$a香 港
=260  \\$b文藝
=300  \\$a280p.

