=LDR  00000nam a2200000Ia 4500
=008  150128s9999||||xx\||||||||||||||\||und||
=100  \\$a"Strauss, Richard L."
=245  \\$a聖 經 中 的 著 名 夫 婦
=260  \\$a美 國
=260  \\$b活 泉
=300  \\$a182p.

