=LDR  00000nam a2200000Ia 4500
=008  150128s9999||||xx\||||||||||||||\||und||
=100  \\$a"France, R.T."
=245  \\$a認 識 主 基 督
=260  \\$a台 灣
=260  \\$b校 園
=300  \\$a194p.

