=LDR  00000nam a2200000Ia 4500
=008  150128s9999||||xx\||||||||||||||\||und||
=100  \\$a張 貴 富
=245  \\$a紀 元 的 創 始 者 — 耶 穌
=260  \\$a台 灣
=260  \\$b基 督 徒 聚 會
=300  \\$a222p.

