=LDR  00000nam a2200000Ia 4500
=008  150128s9999||||xx\||||||||||||||\||und||
=100  \\$a"Stott, John R.W."
=245  \\$a認 識 聖 經
=260  \\$a台 灣
=260  \\$b校 園
=300  \\$a318p.

