=LDR  00000nam a2200000Ia 4500
=008  150128s9999||||xx\||||||||||||||\||und||
=100  \\$a蘇 齊 冰
=245  \\$a初 信 造 就 課 程 (卷 一 )
=260  \\$a香 港
=260  \\$b證 道
=300  \\$a0

