=LDR  00000nam a2200000Ia 4500
=008  150128s9999||||xx\||||||||||||||\||und||
=100  \\$a陳 終 道
=245  \\$a怎 樣 研 讀 聖 經
=260  \\$a台 灣
=260  \\$b中 信
=300  \\$a216p.

