=LDR  00000nam a2200000Ia 4500
=008  150128s9999||||xx\||||||||||||||\||und||
=100  \\$a"Jensen, Irving L."
=245  \\$a讀 經 樂
=260  \\$a香 港
=260  \\$b天 道
=300  \\$a139p.

