=LDR  00000nam a2200000Ia 4500
=008  150128s9999||||xx\||||||||||||||\||und||
=100  \\$a蘇 佐 揚
=245  \\$a聖 經 難 題 (1)
=260  \\$a香 港
=260  \\$b基 督 教 天 人 社
=300  \\$a92p.

