=LDR  00000nam a2200000Ia 4500
=008  150128s9999||||xx\||||||||||||||\||und||
=100  \\$a"Lum, Ada"
=245  \\$a怎 樣 帶 領 福 音 性 研 經
=260  \\$a香 港
=260  \\$b種 籽
=300  \\$a0

