=LDR  00000nam a2200000Ia 4500
=008  150128s9999||||xx\||||||||||||||\||und||
=100  \\$a李 陳 永 鈿
=245  \\$a查 經 樂
=260  \\$a台 灣
=260  \\$b中 信
=300  \\$a51p.

