=LDR  00000nam a2200000Ia 4500
=008  150128s9999||||xx\||||||||||||||\||und||
=100  \\$a"Jeeves, Malcolm A."
=245  \\$a信 仰 與 心 理
=260  \\$a香 港
=260  \\$b種 籽
=300  \\$a182p.

