=LDR  00000nam a2200000Ia 4500
=008  150128s9999||||xx\||||||||||||||\||und||
=100  \\$a何 照 洪
=245  \\$a診 療 室 的 常 客
=260  \\$a台 灣
=260  \\$b宇 宙 光
=300  \\$a284p.

