=LDR  00000nam a2200000Ia 4500
=008  150128s9999||||xx\||||||||||||||\||und||
=100  \\$a彭 懷 冰
=245  \\$a你 也 能 參 與 輔 導 工 作
=260  \\$a台 灣
=260  \\$b校 園
=300  \\$a270p.

