=LDR  00000nam a2200000Ia 4500
=008  150128s9999||||xx\||||||||||||||\||und||
=100  \\$a唐 佑 之 等
=245  \\$a超 人 的 甦 醒
=260  \\$a台 灣
=260  \\$b校 園
=300  \\$a168p.

