=LDR  00000nam a2200000Ia 4500
=008  150128s9999||||xx\||||||||||||||\||und||
=100  \\$a盧 家 駇 等
=245  \\$a那 未 完 成 的 使 命— 差 傳 事 工 要 論
=260  \\$a香 港
=260  \\$b宣 道
=300  \\$a214p.

