=LDR  00000nam a2200000Ia 4500
=008  150128s9999||||xx\||||||||||||||\||und||
=100  \\$a周 春 桃 等
=245  \\$a成 為 時 代 差 使
=260  \\$a台 灣
=260  \\$b長 老 會
=300  \\$a497p.

