=LDR  00000nam a2200000Ia 4500
=008  150128s9999||||xx\||||||||||||||\||und||
=100  \\$a"Borthwick, Paul"
=245  \\$a心 繫 宣 教
=260  \\$a台 灣
=260  \\$b校 園
=300  \\$a149p.

