=LDR  00000nam a2200000Ia 4500
=008  150128s9999||||xx\||||||||||||||\||und||
=100  \\$a蘇 恩 佩
=245  \\$a從 苦 難 到 榮 耀
=260  \\$a台 灣
=260  \\$b校 園
=300  \\$a0

