=LDR  00000nam a2200000Ia 4500
=008  150128s9999||||xx\||||||||||||||\||und||
=100  \\$a"Davis, June Newman"
=245  \\$a屬 天 生 活 的 聖 經 鑰 句
=260  \\$a台 灣
=260  \\$b大 光
=300  \\$a202p.

