=LDR  00000nam a2200000Ia 4500
=008  150128s9999||||xx\||||||||||||||\||und||
=100  \\$a蔡 蘇 娟
=245  \\$a暗 室 之 后
=260  \\$a香 港
=260  \\$b晨 星
=300  \\$a246p.

