=LDR  00000nam a2200000Ia 4500
=008  150128s9999||||xx\||||||||||||||\||und||
=100  \\$a吳 勇
=245  \\$a清 晨 之 光
=260  \\$a台 灣
=260  \\$b宇 宙 光
=300  \\$a262p.

