=LDR  00000nam a2200000Ia 4500
=008  150128s9999||||xx\||||||||||||||\||und||
=100  \\$a"三 溥 綾 子(Miura, Ayako )"
=245  \\$a雁 狩 嶺
=260  \\$a九 龍
=260  \\$b文 藝
=300  \\$a330p.

