=LDR  00000nam a2200000Ia 4500
=008  150128s9999||||xx\||||||||||||||\||und||
=100  \\$a唐 佑 之
=245  \\$a曦 — 約 瑟 傳 略
=260  \\$a香 港
=260  \\$b卓 越
=300  \\$a188p.

