=LDR  00000nam a2200000Ia 4500
=008  150128s9999||||xx\||||||||||||||\||und||
=100  \\$a"Peacock, Roy"
=245  \\$a愚 夢 初 醒— 一 個 科 學 家 的 信 仰 掙 扎
=260  \\$a香 港
=260  \\$b證 主
=300  \\$a230p.

