=LDR  00000nam a2200000Ia 4500
=008  150128s9999||||xx\||||||||||||||\||und||
=245  \\$a有 一 條 路
=260  \\$a台 灣
=260  \\$b主 日 學
=300  \\$a128p.

