=LDR  00000nam a2200000Ia 4500
=008  150128s9999||||xx\||||||||||||||\||und||
=100  \\$a阮 大 年等
=245  \\$a這 一 雙 手
=260  \\$a台 灣
=260  \\$b宇 宙 光
=300  \\$a142p.

