=LDR  00000nam a2200000Ia 4500
=008  150128s9999||||xx\||||||||||||||\||und||
=100  \\$a"Stott, John R. W."
=245  \\$a新 約 信 息 精 華
=260  \\$a香 港
=260  \\$b種 籽
=300  \\$a216p.

