=LDR  00000nam a2200000Ia 4500
=008  150128s9999||||xx\||||||||||||||\||und||
=245  \\$a新 約 聖 經 圖 畫 本
=260  \\$a香 港
=260  \\$b海 天
=300  \\$a309p.

