=LDR  00000nam a2200000Ia 4500
=008  150128s9999||||xx\||||||||||||||\||und||
=100  \\$a"Scott, Anne"
=245  \\$a先 知 的 熱 淚
=260  \\$a台 灣
=260  \\$b校 園
=300  \\$a59p.

