=LDR  00000nam a2200000Ia 4500
=008  150128s9999||||xx\||||||||||||||\||und||
=100  \\$a雷 振 華 ； 李 時 安
=245  \\$a聖 經 備 典
=260  \\$a台 灣
=260  \\$b主 日 學
=300  \\$a714p.

