=LDR  00000nam a2200000Ia 4500
=008  150128s9999||||xx\||||||||||||||\||und||
=100  \\$a"Foster, Harry"
=245  \\$a默 想 聖 經 人 物
=260  \\$a美 國
=260  \\$b活 泉
=300  \\$a0

