=LDR  00000nam a2200000Ia 4500
=008  150128s9999||||xx\||||||||||||||\||und||
=100  \\$a奧 莉 塔 .沃 爾 德
=245  \\$a書 中 自 有 黃 金 屋
=260  \\$a台 灣
=260  \\$b主 日 學
=300  \\$a0

