=LDR  00000nam a2200000Ia 4500
=008  150128s9999||||xx\||||||||||||||\||und||
=245  \\$a研 經 法 論 集
=260  \\$a香 港
=260  \\$b宣 道
=300  \\$a103p.

