=LDR  00000nam a2200000Ia 4500
=008  150128s9999||||xx\||||||||||||||\||und||
=100  \\$a鄭 德 音
=245  \\$a救 贖 經 題(第 三 集 )
=260  \\$a香 港
=260  \\$b聖 工
=300  \\$a134p.

