=LDR  00000nam a2200000Ia 4500
=008  150128s9999||||xx\||||||||||||||\||und||
=100  \\$a吳 永 泉
=245  \\$a信 仰 問 題
=260  \\$a九 龍
=260  \\$b晨 星
=300  \\$a66p.

