=LDR  00000nam a2200000Ia 4500
=008  150128s9999||||xx\||||||||||||||\||und||
=100  \\$a王 峙
=245  \\$a什 麼 叫 做 信 耶 穌
=260  \\$a香 港
=260  \\$b宣 道
=300  \\$a106p.

