=LDR  00000nam a2200000Ia 4500
=008  150128s9999||||xx\||||||||||||||\||und||
=100  \\$a趙 維 本
=245  \\$a譯 經 溯 源
=260  \\$a香 港
=260  \\$b中 神
=300  \\$a204p.

