=LDR  00000nam a2200000Ia 4500
=008  150128s9999||||xx\||||||||||||||\||und||
=100  \\$a"Hewitt, Joe"
=245  \\$a我 生 長 於 耶 和 華 見 證 人 之 家
=260  \\$a台 灣
=260  \\$b主 日 學
=300  \\$a288p.

