=LDR  00000nam a2200000Ia 4500
=008  150128s9999||||xx\||||||||||||||\||und||
=100  \\$a"Packer, J.I."
=245  \\$a迎 見 神
=260  \\$a台 灣
=260  \\$b校 園
=300  \\$a60p.

