=LDR  00000nam a2200000Ia 4500
=008  150128s9999||||xx\||||||||||||||\||und||
=100  \\$a"Bruce, F.F."
=245  \\$a新 約 信 息
=260  \\$a香 港
=260  \\$b天 道
=300  \\$a133p.

