=LDR  00000nam a2200000Ia 4500
=008  150128s9999||||xx\||||||||||||||\||und||
=100  \\$a"Graham, Billy"
=245  \\$a活在基督裏—初信者研經手冊
=260  \\$a香 港
=260  \\$b葛 培 理 佈 道 會
=300  \\$a109p.

