=LDR  00000nam a2200000Ia 4500
=008  150128s9999||||xx\||||||||||||||\||und||
=100  \\$a"Koll, G."
=245  \\$a聖 經 各 卷 要 義
=260  \\$a台 灣
=260  \\$b靈 磐
=300  \\$a116p.

