=LDR  00000nam a2200000Ia 4500
=008  150128s9999||||xx\||||||||||||||\||und||
=100  \\$a"Larson, Bruce"
=245  \\$a活 在 成 長 邊 緣
=260  \\$a台 灣
=260  \\$b長 青
=300  \\$a139p.

