=LDR  00000nam a2200000Ia 4500
=008  150128s9999||||xx\||||||||||||||\||und||
=100  \\$a梁 潔 瓊
=245  \\$a以 色 列 史 綜 覽
=260  \\$a台 灣
=260  \\$b華 神
=300  \\$a147p.

