=LDR  00000nam a2200000Ia 4500
=008  150128s9999||||xx\||||||||||||||\||und||
=100  \\$a"White, John"
=245  \\$a卓 越 的 領 袖 — 尼 希 米 的 典 範
=260  \\$a台 灣
=260  \\$b校 園
=300  \\$a135p.

