=LDR  00000nam a2200000Ia 4500
=008  150128s9999||||xx\||||||||||||||\||und||
=100  \\$a"Berkhof, L."
=245  \\$a釋 經 學 原 理
=260  \\$a香 港
=260  \\$b浸 信 會
=300  \\$a163p.

