=LDR  00000nam a2200000Ia 4500
=008  150128s9999||||xx\||||||||||||||\||und||
=245  \\$a福 音 問 題
=260  \\$a香 港
=260  \\$b教 會 書 室
=300  \\$a173p.

