=LDR  00000nam a2200000Ia 4500
=008  150128s9999||||xx\||||||||||||||\||und||
=100  \\$a"Flood, Robert G."
=245  \\$a30分 鍾 鳥 瞰 聖 經
=260  \\$a台 灣
=260  \\$b大 光
=300  \\$a39p.

