=LDR  00000nam a2200000Ia 4500
=008  150128s9999||||xx\||||||||||||||\||und||
=100  \\$a"Enlow, Eleanor Truesdale"
=245  \\$a喜 樂 團 契 手 冊
=260  \\$a台 灣
=260  \\$b萬 國 兒 童 佈 道 團
=300  \\$a60p.

