=LDR  00000nam a2200000Ia 4500
=008  150128s9999||||xx\||||||||||||||\||und||
=100  \\$a曾 霖 芳
=245  \\$a對 心 說 話
=260  \\$a台 灣
=260  \\$b嘉 種
=300  \\$a162p.

