=LDR  00000nam a2200000Ia 4500
=008  150128s9999||||xx\||||||||||||||\||und||
=100  \\$a倪 柝 聲
=245  \\$a我 們 主 的 自 別 為 聖
=260  \\$a台 灣
=260  \\$b福 音
=300  \\$a6p.

