=LDR  00000nam a2200000Ia 4500
=008  150128s9999||||xx\||||||||||||||\||und||
=100  \\$a李 常 受
=245  \\$a如 何 在 生 命 裏 長 大
=260  \\$a台 灣
=260  \\$b福 音
=300  \\$a66p.

