=LDR  00000nam a2200000Ia 4500
=008  150128s9999||||xx\||||||||||||||\||und||
=100  \\$a"Mrs.Lewis, Penn"
=245  \\$a各 各 他 的 十 字 架
=260  \\$a台 灣
=260  \\$b少 年 歸 主
=300  \\$a148p.

