=LDR  00000nam a2200000Ia 4500
=008  150128s9999||||xx\||||||||||||||\||und||
=100  \\$a蓋 恩 夫 人
=245  \\$a由 死 亡 得 生 命
=260  \\$a台 灣
=260  \\$b少 年 歸 主
=300  \\$a32p.

