=LDR  00000nam a2200000Ia 4500
=008  150128s9999||||xx\||||||||||||||\||und||
=100  \\$a"Shih, Torrey"
=245  \\$a使 徒 時 代 的 神 蹟
=260  \\$a香 港
=260  \\$b宣 道
=300  \\$a75p.

