=LDR  00000nam a2200000Ia 4500
=008  150128s9999||||xx\||||||||||||||\||und||
=100  \\$a"Baxter, J. Sidlow"
=245  \\$a成 聖 面 面 觀
=260  \\$a香 港
=260  \\$b天 道
=300  \\$a127p.

