=LDR  00000nam a2200000Ia 4500
=008  150128s9999||||xx\||||||||||||||\||und||
=100  \\$a"Miller,Keith"
=245  \\$a妙 手 重 撫
=260  \\$a美 國
=260  \\$b翻 譯 中 心
=300  \\$a150p.

