=LDR  00000nam a2200000Ia 4500
=008  150128s9999||||xx\||||||||||||||\||und||
=100  \\$a"Verwer, George"
=245  \\$a真 門 徒
=260  \\$a美 國
=260  \\$b中 信
=300  \\$a60p.

