=LDR  00000nam a2200000Ia 4500
=008  150128s9999||||xx\||||||||||||||\||und||
=100  \\$aThe Secret of Adoration
=245  \\$a少 年 歸 主
=300  \\$a0

