=LDR  00000nam a2200000Ia 4500
=008  150128s9999||||xx\||||||||||||||\||und||
=100  \\$a"Sanders, J. Oswald"
=245  \\$a靈 命 的 成 熟
=260  \\$a美 國
=260  \\$b活 泉
=300  \\$a247p.

