=LDR  00000nam a2200000Ia 4500
=008  150128s9999||||xx\||||||||||||||\||und||
=100  \\$a"Deratany, Edward"
=245  \\$a避 難 所
=260  \\$a香 港
=260  \\$b宣 道
=300  \\$a175p.

