=LDR  00000nam a2200000Ia 4500
=008  150128s9999||||xx\||||||||||||||\||und||
=100  \\$a盧 宏 博
=245  \\$a茁 苗
=260  \\$a香 港
=260  \\$b天 道
=300  \\$a117p.

