=LDR  00000nam a2200000Ia 4500
=008  150128s9999||||xx\||||||||||||||\||und||
=100  \\$a"Bennetl, John C."
=245  \\$a基 督 徒 公 民 的 責 任
=260  \\$a台 灣
=260  \\$b人 光
=300  \\$a137p.

