=LDR  00000nam a2200000Ia 4500
=008  150128s9999||||xx\||||||||||||||\||und||
=100  \\$a"Griffiths, Michael"
=245  \\$a用 我 一 生
=260  \\$a香 港
=260  \\$b證 主
=300  \\$a157p.

