=LDR  00000nam a2200000Ia 4500
=008  150128s9999||||xx\||||||||||||||\||und||
=100  \\$a"Keller, W. Phillip"
=245  \\$a平 信 徒 看 主 禱 文
=260  \\$a台 灣
=260  \\$b主 日 學
=300  \\$a224p.

