=LDR  00000nam a2200000Ia 4500
=008  150128s9999||||xx\||||||||||||||\||und||
=100  \\$a呂 代 豪
=245  \\$a審 判 台 前
=260  \\$a台 灣
=260  \\$b大 光
=300  \\$a276p.

