=LDR  00000nam a2200000Ia 4500
=008  150128s9999||||xx\||||||||||||||\||und||
=100  \\$a杜 永 嘉
=245  \\$a聖 經 真 理 百 課 ( 下 )
=260  \\$a香 港
=260  \\$b晨 星
=300  \\$a204p.

