=LDR  00000nam a2200000Ia 4500
=008  150128s9999||||xx\||||||||||||||\||und||
=100  \\$a"Henry, Carl F. H."
=245  \\$a現 代 思 想 的 挑 戰
=260  \\$a台 灣
=260  \\$b道 聲
=300  \\$a145p.

