=LDR  00000nam a2200000Ia 4500
=008  150128s9999||||xx\||||||||||||||\||und||
=100  \\$a葉 仁 昌
=245  \\$a近 代 中 國 的 宗 教 批 判 — 非 基 運 動 的 再 思
=260  \\$a台 灣
=260  \\$b雅 歌
=300  \\$a106p.

