=LDR  00000nam a2200000Ia 4500
=008  150128s9999||||xx\||||||||||||||\||und||
=100  \\$a沈 介 山
=245  \\$a基 督 教 會 史 大 綱
=260  \\$a台 灣
=260  \\$b華 神
=300  \\$a118p.

