=LDR  00000nam a2200000Ia 4500
=008  150128s9999||||xx\||||||||||||||\||und||
=100  \\$a蘇 恩 佩
=245  \\$a基 督 教 神 學 思 想 簡 介
=260  \\$a台 灣
=260  \\$b校 園
=300  \\$a247p.

