=LDR  00000nam a2200000Ia 4500
=008  150128s9999||||xx\||||||||||||||\||und||
=100  \\$a"Bennett, Richard A."
=245  \\$a給 尋 求 神 的 你
=260  \\$a台 灣
=260  \\$b主 日 學
=300  \\$a108p.

