=LDR  00000nam a2200000Ia 4500
=008  150128s9999||||xx\||||||||||||||\||und||
=245  \\$a基 督 教 的 信 仰
=260  \\$a台 灣
=260  \\$b教 會 公 報 社
=300  \\$a119p.

