=LDR  00000nam a2200000Ia 4500
=008  150128s9999||||xx\||||||||||||||\||und||
=100  \\$a王 爾 敏 ； 李 恩 涵 等
=245  \\$a近 代 中 國 與 基 督 教 論 文 集
=260  \\$a台 灣
=260  \\$b宇 宙 光
=300  \\$a426p.

