=LDR  00000nam a2200000Ia 4500
=008  150128s9999||||xx\||||||||||||||\||und||
=100  \\$a"Berkhof, Louis"
=245  \\$a基 督 教 神 學 概 論
=260  \\$a台 灣
=260  \\$b改 革 宗 翻 譯 社
=300  \\$a225p.

