=LDR  00000nam a2200000Ia 4500
=008  150128s9999||||xx\||||||||||||||\||und||
=100  \\$a司 徒 焯 正
=245  \\$a近 代 神 學 七 大 路 線
=260  \\$a香 港
=260  \\$b證 道
=300  \\$a308p.

