=LDR  00000nam a2200000Ia 4500
=008  150128s9999||||xx\||||||||||||||\||und||
=100  \\$a沈 介 山
=245  \\$a統 一 教 的 真 相
=260  \\$a台 灣
=260  \\$b華 神
=300  \\$a127p.

