=LDR  00000nam a2200000Ia 4500
=008  150128s9999||||xx\||||||||||||||\||und||
=100  \\$a董 芳 苑
=245  \\$a另 一 個 世 界 的 秘 密
=260  \\$a台 灣
=260  \\$b宇 宙 光
=300  \\$a240p.

