=LDR  00000nam a2200000Ia 4500
=008  150128s9999||||xx\||||||||||||||\||und||
=100  \\$a"Conn, Harvie M."
=245  \\$a現 代 神 學 論 評
=260  \\$a台 灣
=260  \\$b改 革 宗 翻 譯 社
=300  \\$a150p.

