=LDR  00000nam a2200000Ia 4500
=008  150128s9999||||xx\||||||||||||||\||und||
=100  \\$a"Carr, Lucille"
=245  \\$a福 音 中 的 基 督— 祂 是 誰 ？
=260  \\$a台 灣
=260  \\$b浸 宣
=300  \\$a101P.

