=LDR  00000nam a2200000Ia 4500
=008  150128s9999||||xx\||||||||||||||\||und||
=245  \\$a基 督 再 來 專 論  — 半 夜 呼 聲 特 刊
=260  \\$a香 港
=260  \\$b中 華 神 學 院 旅 港 校 友 會
=300  \\$a398p.

