=LDR  00000nam a2200000Ia 4500
=008  150128s9999||||xx\||||||||||||||\||und||
=100  \\$a"Bunyan, John"
=245  \\$a天 路 歷 程
=260  \\$a台 灣
=260  \\$b大 光
=300  \\$a151p.

