=LDR  00000nam a2200000Ia 4500
=008  150128s9999||||xx\||||||||||||||\||und||
=100  \\$a"Hall, Terry"
=245  \\$a圖 文 並 茂 看 聖 經
=260  \\$a台 灣
=260  \\$b大 光
=300  \\$a131p.

