=LDR  00000nam a2200000Ia 4500
=008  150128s9999||||xx\||||||||||||||\||und||
=100  \\$a唐 崇 榮
=245  \\$a基 督 論
=260  \\$a台 灣
=260  \\$b中 國 與 福 音
=300  \\$a174p.

