=LDR  00000nam a2200000Ia 4500
=008  150128s9999||||xx\||||||||||||||\||und||
=100  \\$a導 航 會
=245  \\$a團 契 生 活
=260  \\$a台 灣
=260  \\$b主 日 學
=300  \\$a31p.

