=LDR  00000nam a2200000Ia 4500
=008  150128s9999||||xx\||||||||||||||\||und||
=100  \\$a"Lockyer, Herbert"
=245  \\$a聖 經 中 關 於 基 督 第 二 次 再 臨 的 預 言
=260  \\$a台 灣
=260  \\$b主 日 學
=300  \\$a64p.

