=LDR  00000nam a2200000Ia 4500
=008  150128s9999||||xx\||||||||||||||\||und||
=100  \\$a"Stott, John R.W."
=245  \\$a聖 經 — 今 日 之 書
=260  \\$a香 港
=260  \\$b基 道
=300  \\$a89p.

