=LDR  00000nam a2200000Ia 4500
=008  150128s9999||||xx\||||||||||||||\||und||
=100  \\$a"Hazel, Offner"
=245  \\$a聖 靈 的 果 子
=260  \\$a台 灣
=260  \\$b校 園
=300  \\$a34p.

