=LDR  00000nam a2200000Ia 4500
=008  150128s9999||||xx\||||||||||||||\||und||
=100  \\$a莫 陳 詠 恩
=245  \\$a服 侍 這 一 代 — 宣 教 使 命 研 經 12 課
=260  \\$a香 港
=260  \\$b學 生 團 契
=300  \\$a94p.

