=LDR  00000nam a2200000Ia 4500
=008  150128s9999||||xx\||||||||||||||\||und||
=100  \\$a"Vos, Johannes G."
=245  \\$a基 督 再 來
=260  \\$a台 灣
=260  \\$b改 革 宗 翻 譯 社
=300  \\$a50p.

