=LDR  00000nam a2200000Ia 4500
=008  150128s9999||||xx\||||||||||||||\||und||
=245  \\$a那 日 子 那 時 辰
=260  \\$a台 灣
=260  \\$b見 證 書 室
=300  \\$a52p.

