=LDR  00000nam a2200000Ia 4500
=008  150128s9999||||xx\||||||||||||||\||und||
=100  \\$a"Milne, Bruce"
=245  \\$a認 識 基 督 教 教 義
=260  \\$a台 灣
=260  \\$b校 園
=300  \\$a454p.

