=LDR  00000nam a2200000Ia 4500
=008  150128s9999||||xx\||||||||||||||\||und||
=100  \\$a鄭 國 治
=245  \\$a事 奉 指 引
=260  \\$a台 灣
=260  \\$b主 日 學
=300  \\$a101p.

