=LDR  00000nam a2200000Ia 4500
=008  150128s9999||||xx\||||||||||||||\||und||
=100  \\$a"Heinze, Thomas"
=245  \\$a創 造 與 進 化
=260  \\$a台 灣
=260  \\$b浸 宣
=300  \\$a140p.

