=LDR  00000nam a2200000Ia 4500
=008  150128s9999||||xx\||||||||||||||\||und||
=100  \\$a"Howard, David M."
=245  \\$a神 哪， 為 什 麼 ？ — 約 伯 與 生 之 困 惑
=260  \\$a香 港
=260  \\$b宣 道
=300  \\$a111p.

