=LDR  00000nam a2200000Ia 4500
=008  150128s9999||||xx\||||||||||||||\||und||
=100  \\$a川 部 金 四 郎
=245  \\$a清 晨 心 路
=260  \\$a台 灣
=260  \\$b人 光
=300  \\$a248p.

