=LDR  00000nam a2200000Ia 4500
=008  150128s9999||||xx\||||||||||||||\||und||
=100  \\$a陳 佐 才
=245  \\$a牧 師 手 記
=260  \\$a九 龍
=260  \\$b文 藝
=300  \\$a178p.

