=LDR  00000nam a2200000Ia 4500
=008  150128s9999||||xx\||||||||||||||\||und||
=100  \\$a"Lavender, Lucille"
=245  \\$a牧 師 也 會 哭 泣
=260  \\$a台 灣
=260  \\$b大 光
=300  \\$a203p.

