=LDR  00000nam a2200000Ia 4500
=008  150128s9999||||xx\||||||||||||||\||und||
=100  \\$a周 神 助
=245  \\$a屬 靈 能 源 的 震 撼
=260  \\$a台 灣
=260  \\$b校 園
=300  \\$a152p.

