=LDR  00000nam a2200000Ia 4500
=008  150128s9999||||xx\||||||||||||||\||und||
=100  \\$a陳 宏 博
=245  \\$a聖 經
=260  \\$a美 國
=260  \\$b聖 經 事 奉 協 會
=300  \\$a413p.

