=LDR  00000nam a2200000Ia 4500
=008  150128s9999||||xx\||||||||||||||\||und||
=100  \\$a陳 終 道
=245  \\$a好 人 還 要 信 耶 穌 麼 ？
=260  \\$a台 灣
=260  \\$b校 園
=300  \\$a29p.

