=LDR  00000nam a2200000Ia 4500
=008  150128s9999||||xx\||||||||||||||\||und||
=100  \\$a陳 終 道
=245  \\$a福 音 的 不 與 是
=260  \\$a台 灣
=260  \\$b校 園
=300  \\$a29p.

