=LDR  00000nam a2200000Ia 4500
=008  150128s9999||||xx\||||||||||||||\||und||
=100  \\$a"STott, John R.W."
=245  \\$a真 理 的 尋 索— 基 督 教 是 否 可 信(研 經 指 引 )
=260  \\$a香 港
=260  \\$b證 道
=300  \\$a38p.

