=LDR  00000nam a2200000Ia 4500
=008  150128s9999||||xx\||||||||||||||\||und||
=100  \\$a吳 勇
=245  \\$a士 師 記 拾 穗
=260  \\$a台 灣
=260  \\$b中 華 海 外 宣 道 協 會
=300  \\$a122p.

