=LDR  00000nam a2200000Ia 4500
=008  150128s9999||||xx\||||||||||||||\||und||
=100  \\$a周 永 健 ， 羅 錫 為 等
=245  \\$a時 代 信 念 考 查 研 經 15課
=260  \\$a香 港
=260  \\$b學 生 福 音 團 契
=300  \\$a88p.

