=LDR  00000nam a2200000Ia 4500
=008  150128s9999||||xx\||||||||||||||\||und||
=100  \\$a"Clark, Robert"
=245  \\$a耶 穌 是 誰 — 研 讀 指 引
=260  \\$a美 國
=260  \\$b活 泉
=300  \\$a44p.

