=LDR  00000nam a2200000Ia 4500
=008  150128s9999||||xx\||||||||||||||\||und||
=245  \\$a教 會 是 什 麼 — 研 讀 指 引
=260  \\$a美 國
=260  \\$b活 泉
=300  \\$a50p.

