=LDR  00000nam a2200000Ia 4500
=008  150128s9999||||xx\||||||||||||||\||und||
=100  \\$a倪 柝 聲
=245  \\$a信 徒 造 就 （ 下 ）
=260  \\$a九 龍
=260  \\$b基 督 徒 出 版 社
=300  \\$a0

