=LDR  00000nam a2200000Ia 4500
=008  150128s9999||||xx\||||||||||||||\||und||
=100  \\$a"Anderson, Norman"
=245  \\$a人 類 的 前 途
=260  \\$a台 灣
=260  \\$b主 日 學
=300  \\$a184p.

