=LDR  00000nam a2200000Ia 4500
=008  150128s9999||||xx\||||||||||||||\||und||
=100  \\$a"Arledge, Byron W."
=245  \\$a如 何 教 養 青 少 年
=260  \\$a台 灣
=260  \\$b大 光
=300  \\$a170p.

