=LDR  00000nam a2200000Ia 4500
=008  150128s9999||||xx\||||||||||||||\||und||
=100  \\$a王 永 信
=245  \\$a末 後 必 成 的 事
=260  \\$a美 國
=260  \\$b中 信
=300  \\$a127p.

