=LDR  00000nam a2200000Ia 4500
=008  150128s9999||||xx\||||||||||||||\||und||
=100  \\$a焦 源 濂
=245  \\$a愛 的 跟 隨 (路 得 記 )
=260  \\$a台 灣
=260  \\$b校 園
=300  \\$a115p.

