=LDR  00000nam a2200000Ia 4500
=008  150128s9999||||xx\||||||||||||||\||und||
=100  \\$a丹雲
=245  \\$a荊棘中的百合花-大陸教會血淚交織的見證
=260  \\$a臺北
=260  \\$b橄欖
=300  \\$a299p.

