=LDR  00000nam a2200000Ia 4500
=008  150128s9999||||xx\||||||||||||||\||und||
=100  \\$a吳元晃
=245  \\$a誰擦乾我的眼淚
=260  \\$a台 灣
=260  \\$b校園
=300  \\$a308p.

