=LDR  00000nam a2200000Ia 4500
=008  150128s9999||||xx\||||||||||||||\||und||
=100  \\$a廖昆田
=245  \\$a魅力-中國民間信仰探源
=260  \\$a台 灣
=260  \\$b宇宙光
=300  \\$a141p.

