=LDR  00000nam a2200000Ia 4500
=008  150128s9999||||xx\||||||||||||||\||und||
=100  \\$a龔天民
=245  \\$a答佛教人士十問
=260  \\$a台 灣
=260  \\$b歸主
=300  \\$a65p.

