=LDR  00000nam a2200000Ia 4500
=008  150128s9999||||xx\||||||||||||||\||und||
=100  \\$a丘恩處等
=245  \\$a基督徒與敬祖
=260  \\$a台 灣
=260  \\$b中國與福音
=300  \\$a176p.

