=LDR  00000nam a2200000Ia 4500
=008  150128s9999||||xx\||||||||||||||\||und||
=100  \\$a胡美華
=245  \\$a老師，請了解我
=260  \\$a台 灣
=260  \\$b主日學
=300  \\$a59p.

