=LDR  00000nam a2200000Ia 4500
=008  150128s9999||||xx\||||||||||||||\||und||
=100  \\$aJohn W. Hurston & Karen L. Hurston
=245  \\$a愛網重重-韓國漢城中央純福音教會家庭小組體系
=260  \\$a台 灣
=260  \\$b華神
=300  \\$a77p.

