=LDR  00000nam a2200000Ia 4500
=008  150128s9999||||xx\||||||||||||||\||und||
=100  \\$a靈糧堂
=245  \\$a如何建立成人主日學
=260  \\$a台 灣
=260  \\$b榮耀
=300  \\$a307p.

