=LDR  00000nam a2200000Ia 4500
=008  150128s9999||||xx\||||||||||||||\||und||
=100  \\$a校園福音團契同工
=245  \\$a校園小組手冊
=260  \\$a台 灣
=260  \\$b技園
=300  \\$a82p.

