=LDR  00000nam a2200000Ia 4500
=008  150128s9999||||xx\||||||||||||||\||und||
=100  \\$a"Sanders,J.Oswald"
=245  \\$a領袖天成？談保羅的領導原則
=260  \\$a香港
=260  \\$b證主
=300  \\$a179p.

