=LDR  00000nam a2200000Ia 4500
=008  150128s9999||||xx\||||||||||||||\||und||
=100  \\$aDenis Lane
=245  \\$a差傳事工手冊-教會，差會，宣教士
=260  \\$a台 灣
=260  \\$b校 園
=300  \\$a152p.

