=LDR  00000nam a2200000Ia 4500
=008  150128s9999||||xx\||||||||||||||\||und||
=100  \\$aB.K. Kuiper
=245  \\$a歷史的軌跡-千年教會史
=260  \\$a台 灣
=260  \\$b校 園
=300  \\$a512p.

