=LDR  00000nam a2200000Ia 4500
=008  150128s9999||||xx\||||||||||||||\||und||
=100  \\$aYohanan Aharoni
=245  \\$a聖經圖集
=260  \\$a???
=260  \\$b???
=300  \\$a171p.

