=LDR  00000nam a2200000Ia 4500
=008  150128s9999||||xx\||||||||||||||\||und||
=100  \\$a鄭國治
=245  \\$a你對人性知多少
=260  \\$a台 灣
=260  \\$b學 園
=300  \\$a27p.

