=LDR  00000nam a2200000Ia 4500
=008  150128s9999||||xx\||||||||||||||\||und||
=100  \\$a王峙
=245  \\$a什麼叫做信耶穌
=260  \\$a香港
=260  \\$b宣道
=300  \\$a106p.

