=LDR  00000nam a2200000Ia 4500
=008  150128s9999||||xx\||||||||||||||\||und||
=100  \\$a微塵
=245  \\$a靈命之鑰
=260  \\$a香港
=260  \\$b甘霖
=300  \\$a104p.

