=LDR  00000nam a2200000Ia 4500
=008  150128s9999||||xx\||||||||||||||\||und||
=100  \\$aProf. Harvie M. Conn. Th. M
=245  \\$a現代神學論評
=260  \\$a臺北
=260  \\$b基督教改革宗翻譯社
=300  \\$a150

