=LDR  00000nam a2200000Ia 4500
=008  150128s9999||||xx\||||||||||||||\||und||
=100  \\$aDr. Paul Yonggi Cho
=245  \\$a成功的家庭小組
=260  \\$a台 灣
=260  \\$b臺灣教會增長促進會
=300  \\$a147p.

