=LDR  00000nam a2200000Ia 4500
=008  150128s9999||||xx\||||||||||||||\||und||
=100  \\$aMarshall Broomhall
=245  \\$a聖經與中華
=260  \\$a香港
=260  \\$b宣道
=300  \\$a135p.

