=LDR  00000nam a2200000Ia 4500
=008  150128s9999||||xx\||||||||||||||\||und||
=100  \\$aWilliam Barclay
=245  \\$a約翰福音註釋上冊
=260  \\$a香 港
=260  \\$bWillie W.W. Wong
=300  \\$a269p.

