=LDR  00000nam a2200000Ia 4500
=008  150128s9999||||xx\||||||||||||||\||und||
=100  \\$aEarl D. Wilson
=245  \\$a脫穎而出-建立自我
=260  \\$a台 灣
=260  \\$b校園
=300  \\$a186p.

