=LDR  00000nam a2200000Ia 4500
=008  150128s9999||||xx\||||||||||||||\||und||
=100  \\$a"Lewis,Cordon R."
=245  \\$a疑團自釋
=260  \\$a香港
=260  \\$b證道
=300  \\$a105p.

