=LDR  00000nam a2200000Ia 4500
=008  150128s9999||||xx\||||||||||||||\||und||
=100  \\$aC.K. David Watson
=245  \\$a光明的挑戰
=260  \\$a臺北
=260  \\$b主 日學
=300  \\$a142

