=LDR  00000nam a2200000Ia 4500
=008  150128s9999||||xx\||||||||||||||\||und||
=100  \\$a王愛華，小雨等
=245  \\$a一捺心跡
=260  \\$a香港九龍
=260  \\$b遠東廣播有限公司
=300  \\$a128

