=LDR  00000nam a2200000Ia 4500
=008  150128s9999||||xx\||||||||||||||\||und||
=100  \\$a滕近輝
=245  \\$a使徒時代教會十二個危機
=260  \\$a香港
=260  \\$b宣道出版社
=300  \\$a94

