=LDR  00000nam a2200000Ia 4500
=008  150128s9999||||xx\||||||||||||||\||und||
=100  \\$aPaul Tillich
=245  \\$a生之勇氣
=260  \\$a臺南
=260  \\$bA.T.S.S.E.A.
=300  \\$a155

