=LDR  00000nam a2200000Ia 4500
=008  150128s9999||||xx\||||||||||||||\||und||
=100  \\$a山口升
=245  \\$a漫畫福音-耶穌生平
=260  \\$a臺北
=260  \\$b證主
=300  \\$a182

