=LDR  00000nam a2200000Ia 4500
=008  150128s9999||||xx\||||||||||||||\||und||
=100  \\$a施義勝
=245  \\$a長青集
=260  \\$a臺南
=260  \\$b臺灣教會公報社
=300  \\$a255

