=LDR  00000nam a2200000Ia 4500
=008  150128s9999||||xx\||||||||||||||\||und||
=100  \\$a"Jensen, Irving L."
=245  \\$a詹孫自助研經課程-創士記
=260  \\$a香港九龍
=260  \\$b種子
=300  \\$a114

