=LDR  00000nam a2200000Ia 4500
=008  150128s9999||||xx\||||||||||||||\||und||
=100  \\$a丘恩處，Yoshiaki Hattori 等
=245  \\$a基督徒與敬祖 - 敬祖研討會匯編
=260  \\$a臺北
=260  \\$b中國與福音出版社
=300  \\$a176

