=LDR  00000nam a2200000Ia 4500
=008  150128s9999||||xx\||||||||||||||\||und||
=100  \\$a"Gossett,Don"
=245  \\$a讚美的震撼力
=260  \\$a台灣
=260  \\$b以 琳
=300  \\$a169

