=LDR  00000nam a2200000Ia 4500
=008  150128s9999||||xx\||||||||||||||\||und||
=100  \\$aEvelyn R. Petersen & J. Allan Petersen
=245  \\$a作女人的藝術
=260  \\$a臺北
=260  \\$b主日學
=300  \\$a321

