=LDR  00000nam a2200000Ia 4500
=008  150128s9999||||xx\||||||||||||||\||und||
=100  \\$a唐崇平
=245  \\$a基督徒的彼此與互相
=260  \\$a臺北
=260  \\$b真道之聲出版社
=300  \\$a140

