=LDR  00000nam a2200000Ia 4500
=008  150128s9999||||xx\||||||||||||||\||und||
=100  \\$aWilliam J. mcRae
=245  \\$a婚前預備
=260  \\$a臺北
=260  \\$b大光
=300  \\$a223

