=LDR  00000nam a2200000Ia 4500
=008  150128s9999||||xx\||||||||||||||\||und||
=100  \\$aMary Ann Green
=245  \\$a飛躍的青春
=260  \\$a美的系列
=260  \\$b大光
=300  \\$a167

