=LDR  00000nam a2200000Ia 4500
=008  150128s9999||||xx\||||||||||||||\||und||
=100  \\$aMichael Saward
=245  \\$a赴宴
=260  \\$a臺北
=260  \\$b校園
=300  \\$a112

