=LDR  00000nam a2200000Ia 4500
=008  150128s9999||||xx\||||||||||||||\||und||
=100  \\$a韓偉
=245  \\$a『賽先生』造成的偏差
=260  \\$a臺北
=260  \\$b中信
=300  \\$a141

