=LDR  00000nam a2200000Ia 4500
=008  150128s9999||||xx\||||||||||||||\||und||
=100  \\$aDavid Watson
=245  \\$a追尋
=260  \\$a臺北
=260  \\$b校園
=300  \\$a206

