=LDR  00000nam a2200000Ia 4500
=008  150128s9999||||xx\||||||||||||||\||und||
=100  \\$a唐崇榮
=245  \\$a罪，義，神的審判
=260  \\$a臺北
=260  \\$b中國福音會
=300  \\$a132

