=LDR  00000nam a2200000Ia 4500
=008  150128s9999||||xx\||||||||||||||\||und||
=100  \\$a張楊淑義，黃淑玲
=245  \\$a聖經時代的見證
=260  \\$a香港
=260  \\$b香港讀經會
=300  \\$a173

