=LDR  00000nam a2200000Ia 4500
=008  150128s9999||||xx\||||||||||||||\||und||
=100  \\$a"Stott, John R.W."
=245  \\$a傳福音與社會關懷
=260  \\$a香港
=260  \\$b宣道
=300  \\$a31p.

