=LDR  00000nam a2200000Ia 4500
=008  150128s9999||||xx\||||||||||||||\||und||
=100  \\$a丁良才
=245  \\$a耶穌圣跡合參註釋
=260  \\$a香港尖沙咀
=260  \\$b證道
=300  \\$a749

