=LDR  00000nam a2200000Ia 4500
=008  150128s9999||||xx\||||||||||||||\||und||
=100  \\$a吳主光
=245  \\$a基督教與天主教的分別
=260  \\$aB.C.Canada
=260  \\$b國際種子出版社有限公司
=300  \\$a58

