=LDR  00000nam a2200000Ia 4500
=008  150128s9999||||xx\||||||||||||||\||und||
=100  \\$aAnthony Hoekema
=245  \\$a復臨安息日會的內幕
=260  \\$a臺北
=260  \\$b真道之聲
=300  \\$a188

