=LDR  00000nam a2200000Ia 4500
=008  150128s9999||||xx\||||||||||||||\||und||
=100  \\$a"robert e. Coleman, Ph.D."
=245  \\$a建于真道
=260  \\$a香港九龍
=260  \\$b證道
=300  \\$a39

