=LDR  00000nam a2200000Ia 4500
=008  150128s9999||||xx\||||||||||||||\||und||
=100  \\$a邵遵瀾
=245  \\$a亞倫與戶珥
=260  \\$a台北
=260  \\$b學園
=300  \\$a96

