=LDR  00000nam a2200000Ia 4500
=008  150128s9999||||xx\||||||||||||||\||und||
=100  \\$aR. Ludwigson
=245  \\$a末世預言綜覽
=260  \\$a香港
=260  \\$b天道書樓
=300  \\$a198p.

