=LDR  00000nam a2200000Ia 4500
=008  150128s9999||||xx\||||||||||||||\||und||
=100  \\$aD. Martyn Lloyd - Jones
=245  \\$a變﹕心理作用還是屬靈經歷
=260  \\$aHong Kong
=260  \\$bThe Alliance Press
=300  \\$a39

