=LDR  00000nam a2200000Ia 4500
=008  150128s9999||||xx\||||||||||||||\||und||
=100  \\$a周功和
=245  \\$a基督教科學觀
=260  \\$a臺北
=260  \\$b華神
=300  \\$a214

