=LDR  00000nam a2200000Ia 4500
=008  150128s9999||||xx\||||||||||||||\||und||
=100  \\$aA.B. Simpson
=245  \\$a能力的澆灌-舊約圣靈論
=260  \\$a香港尖沙咀
=260  \\$b宣道
=300  \\$a203

