=LDR  00000nam a2200000Ia 4500
=008  150128s9999||||xx\||||||||||||||\||und||
=100  \\$a"Veerman,Galvin,Lucas,Wilhoit"
=245  \\$a童言童語話上帝
=260  \\$a臺北
=260  \\$b校園
=300  \\$a233

