=LDR  00000nam a2200000Ia 4500
=008  150128s9999||||xx\||||||||||||||\||und||
=245  \\$a步向永恆的跫音
=260  \\$a台灣
=260  \\$b校園
=300  \\$a100

