=LDR  00000nam a2200000Ia 4500
=008  150128s9999||||xx\||||||||||||||\||und||
=100  \\$aWilliam J. Murray
=245  \\$a我生命中沒有神
=260  \\$a台灣
=260  \\$b主日學
=300  \\$a232p.

