=LDR  00000nam a2200000Ia 4500
=008  150128s9999||||xx\||||||||||||||\||und||
=100  \\$a鄭國治
=245  \\$a時代的使命
=260  \\$a馬來西亞
=260  \\$b學園傳道會
=300  \\$a153

