=LDR  00000nam a2200000Ia 4500
=008  150128s9999||||xx\||||||||||||||\||und||
=100  \\$a陳終道
=245  \\$a聖經問題解答
=260  \\$a香港
=260  \\$b天道書樓
=300  \\$a209

