=LDR  00000nam a2200000Ia 4500
=008  150128s9999||||xx\||||||||||||||\||und||
=245  \\$a眾圣徒的屬靈秘訣
=260  \\$a臺北
=260  \\$b橄欖
=300  \\$a179

