=LDR  00000nam a2200000Ia 4500
=008  150128s9999||||xx\||||||||||||||\||und||
=100  \\$aHarding，Edward
=245  \\$a不要銷滅聖靈的感動
=260  \\$a台北
=260  \\$b以琳
=300  \\$a147p.

