=LDR  00000nam a2200000Ia 4500
=008  150128s9999||||xx\||||||||||||||\||und||
=100  \\$aF.B. Meyer
=245  \\$a蒙福生活，現在與未來
=260  \\$a香港
=260  \\$b基道
=300  \\$a165

