=LDR  00000nam a2200000Ia 4500
=008  150128s9999||||xx\||||||||||||||\||und||
=100  \\$aRev. Richard Wurmbrand
=245  \\$a為主受苦
=260  \\$a"Detroit, Mich"
=260  \\$b中信
=300  \\$a122

