=LDR  00000nam a2200000Ia 4500
=008  150128s9999||||xx\||||||||||||||\||und||
=100  \\$a"Grubb,Norman"
=245  \\$a劬勞的祭司-代禱使徒豪威爾
=260  \\$a台北
=260  \\$b橄欖
=300  \\$a261p.

