=LDR  00000nam a2200000Ia 4500
=008  150128s9999||||xx\||||||||||||||\||und||
=100  \\$a"Susan Muto, Adrian Van Kaam"
=245  \\$a天天委身-基督徒成長要訣
=260  \\$a香港
=260  \\$b基道
=300  \\$a263

