=LDR  00000nam a2200000Ia 4500
=008  150128s9999||||xx\||||||||||||||\||und||
=100  \\$a粱燕城
=245  \\$a靜思宇宙秘密
=260  \\$a香港
=260  \\$b卓越書
=300  \\$a236p.

