=LDR  00000nam a2200000Ia 4500
=008  150128s9999||||xx\||||||||||||||\||und||
=100  \\$aHelen Roseveare
=245  \\$a跨越幽谷
=260  \\$a香 港
=260  \\$b海外基督使團
=300  \\$a306p.

