=LDR  00000nam a2200000Ia 4500
=008  150128s9999||||xx\||||||||||||||\||und||
=100  \\$aJack W. Hayford
=245  \\$a敬拜全能的主
=260  \\$a臺灣
=260  \\$b以琳
=300  \\$a248p.

