=LDR  00000nam a2200000Ia 4500
=008  150128s9999||||xx\||||||||||||||\||und||
=100  \\$aGraham Fitzpatrick
=245  \\$a如何明辨神的聲音
=260  \\$a香港
=260  \\$b福音
=300  \\$a117

