=LDR  00000nam a2200000Ia 4500
=008  150128s9999||||xx\||||||||||||||\||und||
=100  \\$a讀經日程編輯小組
=245  \\$a讀經日程合訂本（二）
=260  \\$a台 灣
=260  \\$b大光
=300  \\$a0

