=LDR  00000nam a2200000Ia 4500
=008  150128s9999||||xx\||||||||||||||\||und||
=100  \\$a鄭連的，畢德生
=245  \\$a開我的眼睛
=260  \\$a臺灣
=260  \\$b人光
=300  \\$a193p.

