=LDR  00000nam a2200000Ia 4500
=008  150128s9999||||xx\||||||||||||||\||und||
=100  \\$a龔天民
=245  \\$a現存世界十一宗教
=260  \\$a美國
=260  \\$b龔天民
=300  \\$a192

