=LDR  00000nam a2200000Ia 4500
=008  150128s9999||||xx\||||||||||||||\||und||
=100  \\$aGene A. Getz
=245  \\$a彼此代求
=260  \\$a台 灣
=260  \\$b大光
=300  \\$a196p.

