=LDR  00000nam a2200000Ia 4500
=008  150128s9999||||xx\||||||||||||||\||und||
=100  \\$aE.M. Bounds
=245  \\$a禱告與禱告的人
=260  \\$a臺灣
=260  \\$b學 園
=300  \\$a143p.

