=LDR  00000nam a2200000Ia 4500
=008  150128s9999||||xx\||||||||||||||\||und||
=100  \\$a倪柝聲
=245  \\$a短篇信息第三集
=260  \\$a香港
=260  \\$b活泉
=300  \\$a26p.

