=LDR  00000nam a2200000Ia 4500
=008  150128s9999||||xx\||||||||||||||\||und||
=100  \\$a邵慶彰
=245  \\$a默想集
=260  \\$a臺灣
=260  \\$b校園
=300  \\$a172p.

