=LDR  00000nam a2200000Ia 4500
=008  150128s9999||||xx\||||||||||||||\||und||
=100  \\$aWilliam Barclay
=245  \\$a羅馬書注釋
=260  \\$a九龍
=260  \\$b文藝
=300  \\$a264p.

