=LDR  00000nam a2200000Ia 4500
=008  150128s9999||||xx\||||||||||||||\||und||
=100  \\$a林治平
=245  \\$a探索者的腳蹤
=260  \\$a台 灣
=260  \\$b宇宙光
=300  \\$a516

