=LDR  00000nam a2200000Ia 4500
=008  150128s9999||||xx\||||||||||||||\||und||
=100  \\$aJohn Houghton
=245  \\$a宇宙﹕神跡或機遇
=260  \\$a香 港
=260  \\$b證主
=300  \\$a149p.

