=LDR  00000nam a2200000Ia 4500
=008  150128s9999||||xx\||||||||||||||\||und||
=100  \\$aJOsh McDowell
=245  \\$a鐵證待判
=260  \\$a美 國
=260  \\$b更新
=300  \\$a544p.

