=LDR  00000nam a2200000Ia 4500
=008  150128s9999||||xx\||||||||||||||\||und||
=100  \\$aJohn Baillie;others
=245  \\$a今日科學與信仰
=260  \\$a臺灣
=260  \\$b東南亞神學院協會
=300  \\$a52p.

