=LDR  00000nam a2200000Ia 4500
=008  150128s9999||||xx\||||||||||||||\||und||
=100  \\$aCharles R. Swindoll
=245  \\$a增進你的服事
=260  \\$a台 灣
=260  \\$b學園
=300  \\$a297p.

