=LDR  00000nam a2200000Ia 4500
=008  150128s9999||||xx\||||||||||||||\||und||
=245  \\$a聖經新辭典上冊（A-J）
=260  \\$a香港
=260  \\$b天道
=300  \\$a935p.

