=LDR  00000nam a2200000Ia 4500
=008  150128s9999||||xx\||||||||||||||\||und||
=100  \\$aJohn R.W. Stott
=245  \\$a認識聖經
=260  \\$a臺北
=260  \\$b校園
=300  \\$a166

