=LDR  00000nam a2200000Ia 4500
=008  150128s9999||||xx\||||||||||||||\||und||
=100  \\$aJohn White
=245  \\$a卓越的領袖-尼希米的典範
=260  \\$a臺北
=260  \\$b校園
=300  \\$a135

