=LDR  00000nam a2200000Ia 4500
=008  150128s9999||||xx\||||||||||||||\||und||
=100  \\$aJohn F. MacArthur. Jr.
=245  \\$a長老十問
=260  \\$a香港
=260  \\$b福音團契書局
=300  \\$a35p.

