=LDR  00000nam a2200000Ia 4500
=008  150128s9999||||xx\||||||||||||||\||und||
=100  \\$aPeter W. Stoner
=245  \\$a科學的見證
=260  \\$a香港
=260  \\$b宣道書局
=300  \\$a110

