=LDR  00000nam a2200000Ia 4500
=008  150128s9999||||xx\||||||||||||||\||und||
=100  \\$aThomas Heinze
=245  \\$a創造與進化
=260  \\$aTaiwan
=260  \\$b浸宣
=300  \\$a140p.

