=LDR  00000nam a2200000Ia 4500
=008  150128s9999||||xx\||||||||||||||\||und||
=100  \\$a鄭國治
=245  \\$a事奉指引
=260  \\$a臺北
=260  \\$b主日學
=300  \\$a101p.

