=LDR  00000nam a2200000Ia 4500
=008  150128s9999||||xx\||||||||||||||\||und||
=100  \\$aIrvine L. Jensen
=245  \\$a大光聖經研究圖解
=260  \\$a臺北
=260  \\$b大光
=300  \\$a153p.

