=LDR  00000nam a2200000Ia 4500
=008  150128s9999||||xx\||||||||||||||\||und||
=100  \\$aDavid H. Adeney
=245  \\$a中國教會長征路
=260  \\$a臺北
=260  \\$b中 信
=300  \\$a253p.

