=LDR  00000nam a2200000Ia 4500
=008  150128s9999||||xx\||||||||||||||\||und||
=100  \\$a彭子材
=245  \\$a真道初步問答
=260  \\$a香港
=260  \\$b證道
=300  \\$a35

