=LDR  00000nam a2200000Ia 4500
=008  150128s9999||||xx\||||||||||||||\||und||
=100  \\$aClark H. Pinnock
=245  \\$a豈能緘默
=260  \\$a臺灣
=260  \\$b浸宣
=300  \\$a88

