=LDR  00000nam a2200000Ia 4500
=008  150128s9999||||xx\||||||||||||||\||und||
=100  \\$aL. Newbigin
=245  \\$a上帝家裏的人
=260  \\$a香港
=260  \\$b文 藝
=300  \\$a171p.

