=LDR  00000nam a2200000Ia 4500
=008  150128s9999||||xx\||||||||||||||\||und||
=100  \\$aCharles F. Pfeiffer
=245  \\$a大使命的現代意義
=260  \\$a香港
=260  \\$b種籽
=300  \\$a150p.

