=LDR  00000nam a2200000Ia 4500
=008  150128s9999||||xx\||||||||||||||\||und||
=100  \\$a惠基信
=245  \\$a神完美的旨意
=260  \\$a香港
=260  \\$b基道
=300  \\$a77p.

