=LDR  00000nam a2200000Ia 4500
=008  150128s9999||||xx\||||||||||||||\||und||
=100  \\$aLloyd J. Ogilvio
=245  \\$a再認識耶穌
=260  \\$aCA
=260  \\$b活泉
=300  \\$a213p.

