=LDR  00000nam a2200000Ia 4500
=008  150128s9999||||xx\||||||||||||||\||und||
=100  \\$aRichard J. Foster
=245  \\$a基督徒看「錢」
=260  \\$a香港
=260  \\$b基道
=300  \\$a105p.

