=LDR  00000nam a2200000Ia 4500
=008  150128s9999||||xx\||||||||||||||\||und||
=100  \\$aJerry & Mary White
=245  \\$a樂業？糊口？
=260  \\$a九龍
=260  \\$b亞洲歸主協會
=300  \\$a228p.

