=LDR  00000nam a2200000Ia 4500
=008  150128s9999||||xx\||||||||||||||\||und||
=100  \\$a約翰王連俊
=245  \\$a聖經引導之研究
=260  \\$a臺北
=260  \\$b臺北聖經研究班
=300  \\$a54p.

