=LDR  00000nam a2200000Ia 4500
=008  150128s9999||||xx\||||||||||||||\||und||
=100  \\$aAndrew Murray
=245  \\$a信徒禱告生活
=260  \\$aNJ
=260  \\$b更新
=300  \\$a187p.

