=LDR  00000nam a2200000Ia 4500
=008  150128s9999||||xx\||||||||||||||\||und||
=100  \\$aJoseph Bayly ;others
=245  \\$a神的引導
=260  \\$a香港
=260  \\$b證道
=300  \\$a94p.

