=LDR  00000nam a2200000Ia 4500
=008  150128s9999||||xx\||||||||||||||\||und||
=100  \\$aJames E. Cummings
=245  \\$a新成立的教會問題
=260  \\$a臺灣
=260  \\$b浸宣
=300  \\$a161p.

