=LDR  00000nam a2200000Ia 4500
=008  150128s9999||||xx\||||||||||||||\||und||
=100  \\$aM. Basika Schlink
=245  \\$a禱告開通活路
=260  \\$a臺北
=260  \\$b少年歸主
=300  \\$a30p.

