=LDR  00000nam a2200000Ia 4500
=008  150128s9999||||xx\||||||||||||||\||und||
=100  \\$a鄭天福
=245  \\$a跟隨基督
=260  \\$a臺北
=260  \\$b神 的 教 會
=300  \\$a122p.

