=LDR  00000nam a2200000Ia 4500
=008  150128s9999||||xx\||||||||||||||\||und||
=100  \\$aMadame Guyou
=245  \\$a簡易祈禱法
=260  \\$a臺北
=260  \\$b福音
=300  \\$a68p.

