=LDR  00000nam a2200000Ia 4500
=008  150128s9999||||xx\||||||||||||||\||und||
=100  \\$aVCCF同 工
=245  \\$a跟 主 學 領 導
=260  \\$a台 灣
=260  \\$b校 園
=300  \\$a27p.

