=LDR  00000nam a2200000Ia 4500
=008  150128s9999||||xx\||||||||||||||\||und||
=100  \\$a劉 怡 持
=245  \\$a耶 和 華 是 我 的 牧 者
=260  \\$a香 港
=260  \\$b.
=300  \\$a60p.

