=LDR  00000nam a2200000Ia 4500
=008  150128s9999||||xx\||||||||||||||\||und||
=245  \\$a自 然 界 的 奧 祕
=260  \\$a台 灣
=260  \\$b主 日 學
=300  \\$a142p.

