=LDR  00000nam a2200000Ia 4500
=008  150128s9999||||xx\||||||||||||||\||und||
=245  \\$a得 勝 的 生 活
=260  \\$a台 灣
=260  \\$b導 航 會
=300  \\$a31p.

