=LDR  00000nam a2200000Ia 4500
=008  150128s9999||||xx\||||||||||||||\||und||
=245  \\$a宇 宙 光 二 十 週 年 感 恩 紀 念 集
=260  \\$a台 灣
=260  \\$b宇 宙 光
=300  \\$a333p.

