=LDR  00000nam a2200000Ia 4500
=008  150128s9999||||xx\||||||||||||||\||und||
=100  \\$a倪 柝 聲
=245  \\$a基 督 與 基 督 教
=260  \\$a九 龍
=260  \\$b教 會 書 室
=300  \\$a87p.

