=LDR  00000nam a2200000Ia 4500
=008  150128s9999||||xx\||||||||||||||\||und||
=100  \\$a"Shelley, Bruce"
=245  \\$a基 督 徒 戰 鬥 的 準 備
=260  \\$a台 灣
=260  \\$b浸 宣
=300  \\$a41p.

