=LDR  00000nam a2200000Ia 4500
=008  150128s9999||||xx\||||||||||||||\||und||
=100  \\$a"Halley, Henry H."
=245  \\$a聖 經 手 冊
=260  \\$a香 港
=260  \\$b證 道
=300  \\$a631p.

