=LDR  00000nam a2200000Ia 4500
=008  150128s9999||||xx\||||||||||||||\||und||
=100  \\$a"Dannett, Edward"
=245  \\$a以 斯 拉 書 精 解
=260  \\$a台 灣
=260  \\$b靈 磐
=300  \\$a110p.

