=LDR  00000nam a2200000Ia 4500
=008  150128s9999||||xx\||||||||||||||\||und||
=245  \\$a他 們 的 成 敗
=260  \\$a香 港
=260  \\$b播 道
=300  \\$a186p.

