=LDR  00000nam a2200000Ia 4500
=008  150128s9999||||xx\||||||||||||||\||und||
=245  \\$a崎 嶇 的 路
=260  \\$a香 港
=260  \\$b播 道 會
=300  \\$a184p.

