=LDR  00000nam a2200000Ia 4500
=008  150128s9999||||xx\||||||||||||||\||und||
=100  \\$a馮 蔭 坤
=245  \\$a真 理 與 自 由 — 加 拉 太 書 註 釋
=260  \\$a香 港
=260  \\$b證 主
=300  \\$a431p.

