=LDR  00000nam a2200000Ia 4500
=008  150128s9999||||xx\||||||||||||||\||und||
=100  \\$a賈 玉 銘
=245  \\$a聖 經 要 義 (卷 五 大 先 知 書)
=260  \\$a香 港
=260  \\$b晨 星
=300  \\$a2276p.

