=LDR  00000nam a2200000Ia 4500
=008  150128s9999||||xx\||||||||||||||\||und||
=245  \\$a峰 迴 路 轉
=260  \\$a美 國
=260  \\$b使 者
=300  \\$a162p.

