=LDR  00000nam a2200000Ia 4500
=008  150128s9999||||xx\||||||||||||||\||und||
=100  \\$a"Saward, Michael"
=245  \\$a赴 宴
=260  \\$a台 灣
=260  \\$b校 園
=300  \\$a112p.

