=LDR  00000nam a2200000Ia 4500
=008  150128s9999||||xx\||||||||||||||\||und||
=100  \\$a"Kesler, Jay"
=245  \\$a家 庭 生 活 面 面 觀
=260  \\$a台 灣
=260  \\$b大 光
=300  \\$a0

