=LDR  00000nam a2200000Ia 4500
=008  150128s9999||||xx\||||||||||||||\||und||
=100  \\$aLarry ; Nordis
=245  \\$a二 人 成 為 一 體
=260  \\$a台 灣
=260  \\$b大 光
=300  \\$a196p.

