=LDR  00000nam a2200000Ia 4500
=008  150128s9999||||xx\||||||||||||||\||und||
=100  \\$a"Allan,Nick & Rosie"
=245  \\$a101法 進 入 你 先 生 \太 太 的 心 中
=260  \\$a台 灣
=260  \\$b橄 欖
=300  \\$a0

