=LDR  00000nam a2200000Ia 4500
=008  150128s9999||||xx\||||||||||||||\||und||
=100  \\$a"Chase, Betty"
=245  \\$a管 教 愛 兒 有 妙 方
=260  \\$a台 灣
=260  \\$b福 音
=300  \\$a250p.

