=LDR  00000nam a2200000Ia 4500
=008  150128s9999||||xx\||||||||||||||\||und||
=100  \\$a彭 臧 玉 芝
=245  \\$a寧 為 母 親
=260  \\$a台 灣
=260  \\$b校 園
=300  \\$a134p.

