=LDR  00000nam a2200000Ia 4500
=008  150128s9999||||xx\||||||||||||||\||und||
=100  \\$a"Milley, Kathy"
=245  \\$a快 樂 媽 媽 行
=260  \\$a台 灣
=260  \\$b學 園
=300  \\$a217p.

