=LDR  00000nam a2200000Ia 4500
=008  150128s9999||||xx\||||||||||||||\||und||
=100  \\$a"Fryling,Alice & Robert"
=245  \\$a父 母 手 冊
=260  \\$a台 灣
=260  \\$b校 園
=300  \\$a144p.

