=LDR  00000nam a2200000Ia 4500
=008  150128s9999||||xx\||||||||||||||\||und||
=100  \\$a"Partridge, Travor"
=245  \\$a單 身 的 挑 戰
=260  \\$a台 灣
=260  \\$b校 園
=300  \\$a63p.

