=LDR  00000nam a2200000Ia 4500
=008  150128s9999||||xx\||||||||||||||\||und||
=100  \\$a唐 佑 之
=245  \\$a歡 樂 中 年
=260  \\$a香 港
=260  \\$b證 道
=300  \\$a115p.

