=LDR  00000nam a2200000Ia 4500
=008  150128s9999||||xx\||||||||||||||\||und||
=100  \\$a"LaHaye, Beverly"
=245  \\$a不 安 的 女 人
=260  \\$a台 灣
=260  \\$b橄 欖
=300  \\$a121p.

