=LDR  00000nam a2200000Ia 4500
=008  150128s9999||||xx\||||||||||||||\||und||
=100  \\$a"Lepeau, Andrew T. & Phyllis"
=245  \\$a一 加 一 等 於 一
=260  \\$a台 灣
=260  \\$b校 園
=300  \\$a137p.

