=LDR  00000nam a2200000Ia 4500
=008  150128s9999||||xx\||||||||||||||\||und||
=100  \\$a"Barcley, Willim"
=245  \\$a羅 馬 書 註 釋
=260  \\$a香 港
=260  \\$b文 藝
=300  \\$a257p.

