=LDR  00000nam a2200000Ia 4500
=008  150128s9999||||xx\||||||||||||||\||und||
=100  \\$a"Armitage, Carolyn"
=245  \\$a艾 得 理 傳— 全 力 以 赴 的 一 生
=260  \\$a台 灣
=260  \\$b校 園
=300  \\$a263p.

