=LDR  00000nam a2200000Ia 4500
=008  150128s9999||||xx\||||||||||||||\||und||
=100  \\$a"Liontos, Lynn Balster & Demetri"
=245  \\$a好 牽 手
=260  \\$a台 灣
=260  \\$b天 恩
=300  \\$a150p.

