=LDR  00000nam a2200000Ia 4500
=008  150128s9999||||xx\||||||||||||||\||und||
=100  \\$a"Christenson, Evelyn"
=245  \\$a禱 告 的 震 撼
=260  \\$a台 灣
=260  \\$b學 園
=300  \\$a186p.

