=LDR  00000nam a2200000Ia 4500
=008  150128s9999||||xx\||||||||||||||\||und||
=100  \\$a"Bustanoby, Andre"
=245  \\$a男 女 之 間 有 純 友 誼 ？
=260  \\$a台 灣
=260  \\$b橄 欖
=300  \\$a155p.

