=LDR  00000nam a2200000Ia 4500
=008  150128s9999||||xx\||||||||||||||\||und||
=100  \\$a"Kennedy, James"
=245  \\$a三 元 福 音 倍 進 佈 道 法
=260  \\$a香 港
=260  \\$b三 元 福 音
=300  \\$a184p.

