=LDR  00000nam a2200000Ia 4500
=008  150128s9999||||xx\||||||||||||||\||und||
=100  \\$a彭 海 瑩 等
=245  \\$a我 找 到 了 愛
=260  \\$a台 灣
=260  \\$b宇 宙 光
=300  \\$a206p.

