=LDR  00000nam a2200000Ia 4500
=008  150128s9999||||xx\||||||||||||||\||und||
=100  \\$a薛 王 美 溢
=245  \\$a智 慧 婦 人
=260  \\$a台 灣
=260  \\$b以 琳
=300  \\$a161p.

