=LDR  00000nam a2200000Ia 4500
=008  150128s9999||||xx\||||||||||||||\||und||
=100  \\$a"Meyer, F.B."
=245  \\$a珍 貴 的 片 刻 (二)
=260  \\$a香 港
=260  \\$b天 道
=300  \\$a243p.

