=LDR  00000nam a2200000Ia 4500
=008  150128s9999||||xx\||||||||||||||\||und||
=100  \\$a"Sanders, J. Oswald"
=245  \\$a作 基 督 徒 的 難 題
=260  \\$a香 港
=260  \\$b證 道
=300  \\$a163p.

