=LDR  00000nam a2200000Ia 4500
=008  150128s9999||||xx\||||||||||||||\||und||
=100  \\$a滕 近 輝
=245  \\$a現 代 教 會 路 線
=260  \\$a台 灣
=260  \\$b校 園
=300  \\$a238p.

