=LDR  00000nam a2200000Ia 4500
=008  150128s9999||||xx\||||||||||||||\||und||
=100  \\$a"Tozer, A.W."
=245  \\$a渴 慕 神
=260  \\$a香 港
=260  \\$b宣 道
=300  \\$a116p.

