=LDR  00000nam a2200000Ia 4500
=008  150128s9999||||xx\||||||||||||||\||und||
=100  \\$a"Singh, Bakht"
=245  \\$a伯 大 尼 — 屬 靈 健 康 的 恢 復
=260  \\$a台 灣
=260  \\$b福 音
=300  \\$a58p.

