=LDR  00000nam a2200000Ia 4500
=008  150128s9999||||xx\||||||||||||||\||und||
=100  \\$a王 峙
=245  \\$a要 心 裏 火 熱
=260  \\$a香 港
=260  \\$b聖 道
=300  \\$a135p.

