=LDR  00000nam a2200000Ia 4500
=008  150128s9999||||xx\||||||||||||||\||und||
=100  \\$a唐 崇 平
=245  \\$a基 督 生 命
=260  \\$a台 灣
=260  \\$b真 道
=300  \\$a151p.

