=LDR  00000nam a2200000Ia 4500
=008  150128s9999||||xx\||||||||||||||\||und||
=100  \\$a劉 傳 章
=245  \\$a寶 架 清 影
=260  \\$a美 國
=260  \\$b使 者
=300  \\$a170p.

