=LDR  00000nam a2200000Ia 4500
=008  150128s9999||||xx\||||||||||||||\||und||
=100  \\$a林 慧 蓉
=245  \\$a深 夜 歌 聲
=260  \\$a美 國
=260  \\$b使 者
=300  \\$a185p.

