=LDR  00000nam a2200000Ia 4500
=008  150128s9999||||xx\||||||||||||||\||und||
=100  \\$a黃 忠
=245  \\$a崇 拜 聚 會 指 南
=260  \\$a香 港
=260  \\$b宣 道
=300  \\$a92p.

