=LDR  00000nam a2200000Ia 4500
=008  150128s9999||||xx\||||||||||||||\||und||
=100  \\$a"Wheat, Ed"
=245  \\$a美 滿 婚 姻 的 處 方 箋
=260  \\$a台 灣
=260  \\$b大 光
=300  \\$a45p.

