=LDR  00000nam a2200000Ia 4500
=008  150128s9999||||xx\||||||||||||||\||und||
=100  \\$a"Drakeford, Robina & John W."
=245  \\$a賢 德 的 妻 子 — 人 生 的 瑰 寶
=260  \\$a香 港
=260  \\$b浸信會
=300  \\$a178p.

