=LDR  00000nam a2200000Ia 4500
=008  150128s9999||||xx\||||||||||||||\||und||
=100  \\$a日 上 泰 輔
=245  \\$a夫 妻 的 危 機
=260  \\$a台 灣
=260  \\$b人 光
=300  \\$a117p.

