=LDR  00000nam a2200000Ia 4500
=008  150128s9999||||xx\||||||||||||||\||und||
=100  \\$a"Clinebell, Howard J. Jr"
=245  \\$a促 進 婚 姻 美 滿 的 成 長
=260  \\$a台 灣
=260  \\$b人 光
=300  \\$a93p.

