=LDR  00000nam a2200000Ia 4500
=008  150128s9999||||xx\||||||||||||||\||und||
=100  \\$a高 惠 民
=245  \\$a基 督 徒 的 自 我 操 練
=260  \\$a台 灣
=260  \\$b永 望
=300  \\$a217p.

