=LDR  00000nam a2200000Ia 4500
=008  150128s9999||||xx\||||||||||||||\||und||
=100  \\$a"Albert, Elizabeth"
=245  \\$a基 督 徒 的 基 本 認 識
=260  \\$a台 灣
=260  \\$b教 協
=300  \\$a63p.

