=LDR  00000nam a2200000Ia 4500
=008  150128s9999||||xx\||||||||||||||\||und||
=100  \\$a"Hodge, Charles"
=245  \\$a生 命 之 道
=260  \\$a台 灣
=260  \\$b改 革 宗
=300  \\$a206p.

