=LDR  00000nam a2200000Ia 4500
=008  150128s9999||||xx\||||||||||||||\||und||
=100  \\$a"Winebrenner, Jan"
=245  \\$a鋼 鐵 般 的 靈 魂
=260  \\$a台 灣
=260  \\$b大 光
=300  \\$a246p.

