=LDR  00000nam a2200000Ia 4500
=008  150128s9999||||xx\||||||||||||||\||und||
=100  \\$a"Mackay, George Loslie"
=245  \\$a馬 偕 博 士 略 傳 、 日 記
=260  \\$a公 報 叢 書 
=260  \\$b教 會 公 報
=300  \\$a208p.

