=LDR  00000nam a2200000Ia 4500
=008  150128s9999||||xx\||||||||||||||\||und||
=100  \\$a"Choy, Leona Frances"
=245  \\$a靈 力 火 源
=260  \\$a美 國
=260  \\$b中 信
=300  \\$a303p.

