=LDR  00000nam a2200000Ia 4500
=008  150128s9999||||xx\||||||||||||||\||und||
=100  \\$a鮑 會 園
=245  \\$a羅 馬 書 (卷 上 )
=260  \\$a香 港
=260  \\$b天 道
=300  \\$a279p.

