=LDR  00000nam a2200000Ia 4500
=008  150128s9999||||xx\||||||||||||||\||und||
=100  \\$aMears Henrietta
=245  \\$a聖 經 綜 覽 — 修 訂 版
=260  \\$a台 灣
=260  \\$b主 日 學
=300  \\$a533p.

