=LDR  00000nam a2200000Ia 4500
=008  150128s9999||||xx\||||||||||||||\||und||
=100  \\$a陳 終 道
=245  \\$a是 否 永 不 滅 亡
=260  \\$a香 港
=260  \\$b天 道
=300  \\$a101p.

