=LDR  00000nam a2200000Ia 4500
=008  150128s9999||||xx\||||||||||||||\||und||
=100  \\$a"Stowell, Joseph M."
=245  \\$a掌 管 你 的 舌 頭
=260  \\$a台 灣
=260  \\$b學 園
=300  \\$a143p.

