=LDR  00000nam a2200000Ia 4500
=008  150128s9999||||xx\||||||||||||||\||und||
=100  \\$a"Collett, Percy"
=245  \\$a遊 歷 天 堂 五 天 半
=260  \\$a台 灣
=260  \\$b橄 欖
=300  \\$a141p.

