=LDR  00000nam a2200000Ia 4500
=008  150128s9999||||xx\||||||||||||||\||und||
=100  \\$a"Synan, Vinson"
=245  \\$a末 後 的 日 子
=260  \\$a台 灣
=260  \\$b以 琳
=300  \\$a230p.

