=LDR  00000nam a2200000Ia 4500
=008  150128s9999||||xx\||||||||||||||\||und||
=100  \\$a"Schaeffer, Francis A."
=245  \\$a眾 目 睽 睽 下 的 今 世 教 會
=260  \\$a美 國
=260  \\$b翻 譯 中 心
=300  \\$a136p.

