=LDR  00000nam a2200000Ia 4500
=008  150128s9999||||xx\||||||||||||||\||und||
=100  \\$a"Swindoll, Charles"
=245  \\$a迎 向 人 生(智 慧 的 選 擇 )
=260  \\$a香 港
=260  \\$b證 主
=300  \\$a177p.

