=LDR  00000nam a2200000Ia 4500
=008  150128s9999||||xx\||||||||||||||\||und||
=100  \\$a張 貴 富
=245  \\$a基 督 徒 的 基 礎 學 習
=260  \\$a台 灣
=260  \\$b基 督 徒 聚 會
=300  \\$a57p.

