=LDR  00000nam a2200000Ia 4500
=008  150128s9999||||xx\||||||||||||||\||und||
=100  \\$a"Knight, G.H."
=245  \\$a在 密 雲 黑 暗 的 日 子
=260  \\$a香 港
=260  \\$b晨 星
=300  \\$a95p.

