=LDR  00000nam a2200000Ia 4500
=008  150128s9999||||xx\||||||||||||||\||und||
=100  \\$a"Graham, Billy"
=245  \\$a如 何 面 對 死 亡
=260  \\$a香 港
=260  \\$b浸 信 會
=300  \\$a213p.

