=LDR  00000nam a2200000Ia 4500
=008  150128s9999||||xx\||||||||||||||\||und||
=100  \\$a"Graham, Billy"
=245  \\$a浩 劫 前 夕— 苦 難 的 透 視
=260  \\$a美 國
=260  \\$b更 新
=300  \\$a309p.

