=LDR  00000nam a2200000Ia 4500
=008  150128s9999||||xx\||||||||||||||\||und||
=100  \\$a"Jawpolsky, Gerald G."
=245  \\$a愛 裏 沒 有 懼 怕
=260  \\$a台 灣
=260  \\$b宇 宙 光
=300  \\$a147p.

