=LDR  00000nam a2200000Ia 4500
=008  150128s9999||||xx\||||||||||||||\||und||
=100  \\$a孫 大 信
=245  \\$a真 假 基 督 徒
=260  \\$a台 灣
=260  \\$b橄 欖
=300  \\$a125p.

