=LDR  00000nam a2200000Ia 4500
=008  150128s9999||||xx\||||||||||||||\||und||
=100  \\$a"Finney, Charles"
=245  \\$a復 興 之 火
=260  \\$a台 灣
=260  \\$b學 園
=300  \\$a124p.

