=LDR  00000nam a2200000Ia 4500
=008  150128s9999||||xx\||||||||||||||\||und||
=245  \\$a真 道 問 答
=260  \\$a台 灣
=260  \\$b人 光
=300  \\$a30p.

