=LDR  00000nam a2200000Ia 4500
=008  150128s9999||||xx\||||||||||||||\||und||
=100  \\$a"Sterk,Andrea; Scazzero,peter"
=245  \\$a門 徒 的 品 格
=260  \\$a台 灣
=260  \\$b校 園
=300  \\$a59p.

