=LDR  00000nam a2200000Ia 4500
=008  150128s9999||||xx\||||||||||||||\||und||
=100  \\$a蘇 穎 智 夫 婦
=245  \\$a新 生 命 與 新 生 活— 活 (訓 練 員 指 南 )
=260  \\$a九 龍
=260  \\$b種 籽
=300  \\$a112p.

