=LDR  00000nam a2200000Ia 4500
=008  150128s9999||||xx\||||||||||||||\||und||
=100  \\$a"Stanley, Charles"
=245  \\$a耶 和 華 如 此 說 ﹕ 聆 聽 神 聲 音 的 原 則
=260  \\$a台 灣
=260  \\$b橄 欖
=300  \\$a159p.

