=LDR  00000nam a2200000Ia 4500
=008  150128s9999||||xx\||||||||||||||\||und||
=100  \\$a"Bush, Charles Wesley"
=245  \\$a請 聽 神 說 — 清 楚 神 旨 意 的 關 鍵
=260  \\$a台 灣
=260  \\$b橄 欖
=300  \\$a0

