=LDR  00000nam a2200000Ia 4500
=008  150128s9999||||xx\||||||||||||||\||und||
=100  \\$a"Murray, Andrew"
=245  \\$a真 葡 萄 樹
=260  \\$a台 灣
=260  \\$b大 光
=300  \\$a107p.

