=LDR  00000nam a2200000Ia 4500
=008  150128s9999||||xx\||||||||||||||\||und||
=100  \\$a林 治 平
=245  \\$a突 破 痛 苦 的 網
=260  \\$a台 灣
=260  \\$b宇 宙 光
=300  \\$a275p.

