=LDR  00000nam a2200000Ia 4500
=008  150128s9999||||xx\||||||||||||||\||und||
=100  \\$a陳 終 道
=245  \\$a神 蹟 、 聖 靈 、 方 言
=260  \\$a香 港
=260  \\$b宣 道
=300  \\$a134p.

