=LDR  00000nam a2200000Ia 4500
=008  150128s9999||||xx\||||||||||||||\||und||
=100  \\$a許 錦 銘
=245  \\$a詩 篇 精 選
=260  \\$a台 灣
=260  \\$b門 徒
=300  \\$a381p.

