=LDR  00000nam a2200000Ia 4500
=008  150128s9999||||xx\||||||||||||||\||und||
=100  \\$a"Simposon, A. B."
=245  \\$a能 力 的 澆 灌
=260  \\$a香 港
=260  \\$b宣 道
=300  \\$a318p.

