=LDR  00000nam a2200000Ia 4500
=008  150128s9999||||xx\||||||||||||||\||und||
=100  \\$a崔 仲 簡
=245  \\$a福 音 漫 談 (增 訂 本)
=260  \\$a台 灣
=260  \\$b撒 種
=300  \\$a96p.

