=LDR  00000nam a2200000Ia 4500
=008  150128s9999||||xx\||||||||||||||\||und||
=100  \\$a"Little, Paul"
=245  \\$a你 為 何 要 信 — 研 讀 指 引
=260  \\$a香 港
=260  \\$b證 道
=300  \\$a188

