=LDR  00000nam a2200000Ia 4500
=008  150128s9999||||xx\||||||||||||||\||und||
=100  \\$a"Mather, Donald"
=245  \\$a基 督 教 信 仰 入 門 — 真 理 與 生 命
=260  \\$a台 灣
=260  \\$b台 灣 長 老 會
=300  \\$a208p.

