=LDR  00000nam a2200000Ia 4500
=008  150128s9999||||xx\||||||||||||||\||und||
=100  \\$a"Laidlaw, R.A."
=245  \\$a信 仰 的 原 委
=260  \\$a香 港
=260  \\$b證 道
=300  \\$a54p.

