=LDR  00000nam a2200000Ia 4500
=008  150128s9999||||xx\||||||||||||||\||und||
=100  \\$a陳 益 文
=245  \\$a追 求 真 理
=260  \\$a台 灣
=260  \\$b教 會 公 報
=300  \\$a127p.

