=LDR  00000nam a2200000Ia 4500
=008  150128s9999||||xx\||||||||||||||\||und||
=100  \\$a"Keller, Phillip"
=245  \\$a牧 者 看 好 牧 人 與 羊
=260  \\$a台 灣
=260  \\$b主 日 學
=300  \\$a268p.

