=LDR  00000nam a2200000Ia 4500
=008  150128s9999||||xx\||||||||||||||\||und||
=100  \\$a劉 志 良
=245  \\$a信 徒 自 修 查 經 課 程 — 詩 篇
=260  \\$a香 港
=260  \\$b角 聲
=300  \\$a0

