=LDR  00000nam a2200000Ia 4500
=008  150128s9999||||xx\||||||||||||||\||und||
=100  \\$a"Redpath, Alan"
=245  \\$a基 督 徒 得 勝 的 生 活
=260  \\$a香 港
=260  \\$b播 道
=300  \\$a197p.

