=LDR  00000nam a2200000Ia 4500
=008  150128s9999||||xx\||||||||||||||\||und||
=100  \\$a張 覺 民
=245  \\$a新 時 代 的 序 幕
=260  \\$a台 灣
=260  \\$b主 日 學
=300  \\$a158p.

