=LDR  00000nam a2200000Ia 4500
=008  150128s9999||||xx\||||||||||||||\||und||
=100  \\$a三 溥 綾 子
=245  \\$a五 個 故 事
=260  \\$a台 灣
=260  \\$b教 會 公 報
=300  \\$a263p.

