=LDR  00000nam a2200000Ia 4500
=008  150128s9999||||xx\||||||||||||||\||und||
=100  \\$a"Lasor, William Sanford"
=245  \\$a死 海 古 卷 與 基 督 教 信 仰
=260  \\$a台 灣
=260  \\$b浸 宣
=300  \\$a272p.

