=LDR  00000nam a2200000Ia 4500
=008  150128s9999||||xx\||||||||||||||\||und||
=100  \\$a張 胡 怡 蒨
=245  \\$a怎 樣 讀 聖 經
=260  \\$a香 港
=260  \\$b種 籽
=300  \\$a55p.

