=LDR  00000nam a2200000Ia 4500
=008  150128s9999||||xx\||||||||||||||\||und||
=100  \\$a蘇 傅 麗 秀
=245  \\$a聖 經 人 物 列 車
=260  \\$a台 灣
=260  \\$b校 園
=300  \\$a101p.

