=LDR  00000nam a2200000Ia 4500
=008  150128s9999||||xx\||||||||||||||\||und||
=100  \\$a徐 松 石
=245  \\$a基 督 眼 裏 的 中 華 民 族(下 冊)
=260  \\$a香 港
=260  \\$b浸 信 會
=300  \\$a200p.

