=LDR  00000nam a2200000Ia 4500
=008  150128s9999||||xx\||||||||||||||\||und||
=245  \\$a尋 根 第 一 因
=260  \\$a台 灣
=260  \\$b浸 宣
=300  \\$a134p.

