=LDR  00000nam a2200000Ia 4500
=008  150128s9999||||xx\||||||||||||||\||und||
=100  \\$a蔡 元 雲
=245  \\$a基 督 徒 的 均 衡 生 活
=260  \\$a香 港
=260  \\$b學 生 團 契
=300  \\$a78p.

