=LDR  00000nam a2200000Ia 4500
=008  150128s9999||||xx\||||||||||||||\||und||
=100  \\$a張 郁 嵐 等
=245  \\$a福 音 故 事 八 百 個
=260  \\$a台 灣
=260  \\$b福 音
=300  \\$a469p.

