=LDR  00000nam a2200000Ia 4500
=008  150128s9999||||xx\||||||||||||||\||und||
=100  \\$a王 國 顯
=245  \\$a配 得 那 世 界 的 人
=260  \\$a香 港
=260  \\$b晨 星
=300  \\$a278p.

