=LDR  00000nam a2200000Ia 4500
=008  150128s9999||||xx\||||||||||||||\||und||
=100  \\$a"Meyer, F.B."
=245  \\$a耶 利 米 — 祭 司 和 先 知
=260  \\$a美 國
=260  \\$b活 泉
=300  \\$a183p.

