=LDR  00000nam a2200000Ia 4500
=008  150128s9999||||xx\||||||||||||||\||und||
=100  \\$a"Ten Boom, Corrie"
=245  \\$a密 室
=260  \\$a美 國
=260  \\$b更 新
=300  \\$a373p.

