=LDR  00000nam a2200000Ia 4500
=008  150128s9999||||xx\||||||||||||||\||und||
=100  \\$a"Crawley, Sadie"
=245  \\$a我 們 所 需 要 的 信 仰
=260  \\$a九 龍
=260  \\$b浸 信 會
=300  \\$a101p.

