=LDR  00000nam a2200000Ia 4500
=008  150128s9999||||xx\||||||||||||||\||und||
=100  \\$a"Rhoton, Dale"
=245  \\$a信 仰 的 邏 輯
=260  \\$a九  龍
=260  \\$b基 道
=300  \\$a96p.

