=LDR  00000nam a2200000Ia 4500
=008  150128s9999||||xx\||||||||||||||\||und||
=100  \\$a吳 恩 溥
=245  \\$a恩 聲 集
=260  \\$a香 港
=260  \\$b聖 文
=300  \\$a282p.

