=LDR  00000nam a2200000Ia 4500
=008  150128s9999||||xx\||||||||||||||\||und||
=100  \\$a馮 雅 各
=245  \\$a如 何 得 永 生
=260  \\$a九 龍
=260  \\$b華 人 浸 信 會
=300  \\$a22p.

