=LDR  00000nam a2200000Ia 4500
=008  150128s9999||||xx\||||||||||||||\||und||
=100  \\$a劉 翼 凌
=245  \\$a福 音 集 成
=260  \\$a美 國
=260  \\$b福 音 文 宣
=300  \\$a352p.

