=LDR  00000nam a2200000Ia 4500
=008  150128s9999||||xx\||||||||||||||\||und||
=100  \\$a倪 柝 聲
=245  \\$a門 與 路
=260  \\$a台北
=260  \\$b天 聲
=300  \\$a156p.

