=LDR  00000nam a2200000Ia 4500
=008  150128s9999||||xx\||||||||||||||\||und||
=100  \\$a"Bergling, Wilhelm"
=245  \\$a面 對 試 探
=260  \\$a香港
=260  \\$b道聲
=300  \\$a80p.

