=LDR  00000nam a2200000Ia 4500
=008  150128s9999||||xx\||||||||||||||\||und||
=100  \\$a"Barclay, Oliver"
=245  \\$a神 領
=260  \\$a香港
=260  \\$b證 道
=300  \\$a40p.

