=LDR  00000nam a2200000Ia 4500
=008  150128s9999||||xx\||||||||||||||\||und||
=100  \\$a"Hallesby, O."
=245  \\$a禱 告
=260  \\$a香港
=260  \\$b道聲
=300  \\$a193p.

