=LDR  00000nam a2200000Ia 4500
=008  150128s9999||||xx\||||||||||||||\||und||
=100  \\$a"Webster,Dick & Flo"
=245  \\$a敬 拜 與 爭 戰
=260  \\$a台灣
=260  \\$b校園
=300  \\$a33p

