=LDR  00000nam a2200000Ia 4500
=008  150128s9999||||xx\||||||||||||||\||und||
=100  \\$a倪 柝 聲
=245  \\$a基 督 與 基 督 徒
=260  \\$a香港
=260  \\$b教  會 書 室
=300  \\$a79p.

