=LDR  00000nam a2200000Ia 4500
=008  150128s9999||||xx\||||||||||||||\||und||
=100  \\$a天 民
=245  \\$a臺 上 臺 下
=260  \\$aNONE
=260  \\$bNONE
=300  \\$a229p

