=LDR  00000nam a2200000Ia 4500
=008  150128s9999||||xx\||||||||||||||\||und||
=100  \\$a"Simpson, A. B."
=245  \\$a神 醫 的 福 音
=260  \\$a香港
=260  \\$b宣 道
=300  \\$a0

