=LDR  00000nam a2200000Ia 4500
=008  150128s9999||||xx\||||||||||||||\||und||
=100  \\$a楊 濬 哲
=245  \\$a碎 餅 碎 魚
=260  \\$a香港
=260  \\$b聖 道
=300  \\$a182P

