=LDR  00000nam a2200000Ia 4500
=008  150128s9999||||xx\||||||||||||||\||und||
=100  \\$a鄭 國 治
=245  \\$a時 代 的 使 命
=260  \\$a馬 來 西 亞
=260  \\$b學 園
=300  \\$a153P.

