=LDR  00000nam a2200000Ia 4500
=008  150128s9999||||xx\||||||||||||||\||und||
=100  \\$a"Runia, Klass;McIntive, C.T.; Samnel, D.N."
=245  \\$a時 代 的 問 題
=260  \\$a香港
=260  \\$b福 音
=300  \\$a63p.

