=LDR  00000nam a2200000Ia 4500
=008  150128s9999||||xx\||||||||||||||\||und||
=100  \\$a"Sumrall, Lester"
=245  \\$a活 潑 的 信 心
=260  \\$a台 灣
=260  \\$b以 琳
=300  \\$a146p.

