=LDR  00000nam a2200000Ia 4500
=008  150128s9999||||xx\||||||||||||||\||und||
=100  \\$a"Jones, Martyn Lloyd"
=245  \\$a當 代 復 興 真 義
=260  \\$a台 灣
=260  \\$b校 園
=300  \\$a422p.

