=LDR  00000nam a2200000Ia 4500
=008  150128s9999||||xx\||||||||||||||\||und||
=100  \\$a"Huggett, Joyce"
=245  \\$a躍 入 汪 洋 大 海 中 - 聽 主 微 聲 的 藝 術
=260  \\$a台灣
=260  \\$b校 園
=300  \\$a244p.

