=LDR  00000nam a2200000Ia 4500
=008  150128s9999||||xx\||||||||||||||\||und||
=100  \\$a"Bayly, Joseph"
=245  \\$a神 的 引 導
=260  \\$a香港
=260  \\$b證 主
=300  \\$a94p.

