=LDR  00000nam a2200000Ia 4500
=008  150128s9999||||xx\||||||||||||||\||und||
=100  \\$a劉 粵 聲
=245  \\$a粵聲 講 道 集
=260  \\$a香港
=260  \\$b浸信會
=300  \\$a319p.

