=LDR  00000nam a2200000Ia 4500
=008  150128s9999||||xx\||||||||||||||\||und||
=100  \\$a王 明 道
=245  \\$a王 明 道 先 生 講 道 集
=260  \\$a香港
=260  \\$b晨星
=300  \\$a121p.

