=LDR  00000nam a2200000Ia 4500
=008  150128s9999||||xx\||||||||||||||\||und||
=100  \\$a"Tozer, A.W."
=245  \\$a禱 告 叢 談
=260  \\$a香港
=260  \\$b證道
=300  \\$a89p.禱 告

