=LDR  00000nam a2200000Ia 4500
=008  150128s9999||||xx\||||||||||||||\||und||
=100  \\$a"Little, Paul"
=245  \\$a確 定 神 的 旨 意
=260  \\$a美 國
=260  \\$b翻  譯 中 心
=300  \\$a41p.

