=LDR  00000nam a2200000Ia 4500
=008  150128s9999||||xx\||||||||||||||\||und||
=100  \\$a"Stibb, Alan M."
=245  \\$a明 白 神 的 話  -- 釋 經 學 淺 說
=260  \\$a美 國
=260  \\$b翻 譯 中 心
=300  \\$a73p

