=LDR  00000nam a2200000Ia 4500
=008  150128s9999||||xx\||||||||||||||\||und||
=100  \\$a"Morgan, G. Campbell"
=245  \\$a約 翰 福 音 - 摩 根 解 經 叢 卷
=260  \\$a美 國
=260  \\$b活 泉
=300  \\$a288p.

