=LDR  00000nam a2200000Ia 4500
=008  150128s9999||||xx\||||||||||||||\||und||
=100  \\$a霍 玟
=245  \\$a主 禱 文 默 想 錄
=260  \\$a香港
=260  \\$b文 藝
=300  \\$a71p.

