=LDR  00000nam a2200000Ia 4500
=008  150128s9999||||xx\||||||||||||||\||und||
=100  \\$a"Barclay, William"
=245  \\$a在 寶 座 前
=260  \\$a台灣
=260  \\$b橄 欖
=300  \\$a140p.

