=LDR  00000nam a2200000Ia 4500
=008  150128s9999||||xx\||||||||||||||\||und||
=100  \\$aBarclay
=245  \\$a當 你 求
=260  \\$a臺 灣
=260  \\$b人 光
=300  \\$a151p.

