=LDR  00000nam a2200000Ia 4500
=008  150128s9999||||xx\||||||||||||||\||und||
=100  \\$a"蘇 穎 睿, 蘇 劉 君 玉"
=245  \\$a委 身  - 生 命 的 再 造
=260  \\$a香港
=260  \\$b證 主 協 會
=300  \\$a100p.

