=LDR  00000nam a2200000Ia 4500
=008  150128s9999||||xx\||||||||||||||\||und||
=100  \\$a"McPherson, Anna Falbott"
=245  \\$a眾 聖 徒 的 屬 靈 秘 訣
=260  \\$a台灣
=260  \\$b橄 欖
=300  \\$a179p.

