=LDR  00000nam a2200000Ia 4500
=008  150128s9999||||xx\||||||||||||||\||und||
=100  \\$a"Getz, Gene A."
=245  \\$a彼 此 建 造
=260  \\$a新 加 坡
=260  \\$b新 加 坡 福 音 書 局
=300  \\$a143p.

