=LDR  00000nam a2200000Ia 4500
=008  150128s9999||||xx\||||||||||||||\||und||
=100  \\$a鄭 天 福
=245  \\$a信 心 增 長 的 三 階 段
=260  \\$a台灣
=260  \\$b神 的 教 會
=300  \\$a62p.

