=LDR  00000nam a2200000Ia 4500
=008  150128s9999||||xx\||||||||||||||\||und||
=100  \\$a"Pippert, Rebecca Manley"
=245  \\$a請 君 出 甕
=260  \\$a香港
=260  \\$b學 生 福 音 團 契
=300  \\$a171p.

