=LDR  00000nam a2200000Ia 4500
=008  150128s9999||||xx\||||||||||||||\||und||
=100  \\$a"Mayhall, Jack"
=245  \\$a門 徒 代 價 與 獎 賞
=260  \\$a台灣
=260  \\$b學 園
=300  \\$a145p.

