=LDR  00000nam a2200000Ia 4500
=008  150128s9999||||xx\||||||||||||||\||und||
=100  \\$a"Packer, J.I."
=245  \\$a基 督 徒 須 知
=260  \\$a香 港
=260  \\$b宣 道
=300  \\$a232p.

