=LDR  00000nam a2200000Ia 4500
=008  150128s9999||||xx\||||||||||||||\||und||
=100  \\$a"Richardson, Alan"
=245  \\$a做 個 敬 業 的 基 督 徒
=260  \\$a台 灣
=260  \\$b人 光
=300  \\$a79p.

