=LDR  00000nam a2200000Ia 4500
=008  150128s9999||||xx\||||||||||||||\||und||
=100  \\$a王 明 道
=245  \\$a窄 門
=260  \\$a台 灣
=260  \\$b浸 宣
=300  \\$a386p.

