=LDR  00000nam a2200000Ia 4500
=008  150128s9999||||xx\||||||||||||||\||und||
=100  \\$a"Erle,Bob & Souter, John C."
=245  \\$a警 察 、 囚 犯 、 傳 道 人
=260  \\$a台 灣
=260  \\$b大 光
=300  \\$a236p.

