=LDR  00000nam a2200000Ia 4500
=008  150128s9999||||xx\||||||||||||||\||und||
=100  \\$a"Frydlandm, Rachmiel"
=245  \\$a納 粹 虎 口 餘 生 記
=260  \\$a台 灣
=260  \\$b主 日 學
=300  \\$a152p.

