=LDR  00000nam a2200000Ia 4500
=008  150128s9999||||xx\||||||||||||||\||und||
=100  \\$a王 正 中
=245  \\$a靈 奶
=260  \\$a台 灣
=260  \\$b浸 宣
=300  \\$a153p.

