=LDR  00000nam a2200000Ia 4500
=008  150128s9999||||xx\||||||||||||||\||und||
=100  \\$a本 田 宏 慈
=245  \\$a十 字 架 的 奧 義
=260  \\$a台 灣
=260  \\$b教 會 公 報 社
=300  \\$a124p.

