=LDR  00000nam a2200000Ia 4500
=008  150128s9999||||xx\||||||||||||||\||und||
=100  \\$a"Robinson, Godfrey L."
=245  \\$a行 道 手 冊
=260  \\$a香 港
=260  \\$b證 道
=300  \\$a160p.

