=LDR  00000nam a2200000Ia 4500
=008  150128s9999||||xx\||||||||||||||\||und||
=100  \\$a"Briscoe, D. Stuart"
=245  \\$a進 深 認 識 神
=260  \\$a台 灣
=260  \\$b主 日 學
=300  \\$a184p.

