=LDR  00000nam a2200000Ia 4500
=008  150128s9999||||xx\||||||||||||||\||und||
=100  \\$a"Sit, HOng"
=245  \\$a走 了 一 程 又 一 程
=260  \\$a台 灣
=260  \\$b主 日 學
=300  \\$a113p.

