=LDR  00000nam a2200000Ia 4500
=008  150128s9999||||xx\||||||||||||||\||und||
=100  \\$a"Elliot, Elisabeth"
=245  \\$a奧卡人 的 新 生
=260  \\$a台 灣
=260  \\$b大 光
=300  \\$a189p.

