=LDR  00000nam a2200000Ia 4500
=008  150128s9999||||xx\||||||||||||||\||und||
=100  \\$a"Benton, John"
=245  \\$a淤 泥 之 中
=260  \\$a台 灣
=260  \\$b大 光
=300  \\$a128p.

