=LDR  00000nam a2200000Ia 4500
=008  150128s9999||||xx\||||||||||||||\||und||
=100  \\$a"Marshall, Catherine"
=245  \\$a神 和 我
=260  \\$a台 灣
=260  \\$b主 日 學
=300  \\$a293p.

