=LDR  00000nam a2200000Ia 4500
=008  150128s9999||||xx\||||||||||||||\||und||
=100  \\$a"Jackel, Wallace E."
=245  \\$a教會裏的敵人—現代不信主義
=260  \\$a香港
=260  \\$b馬來西亞基督教聯合會
=300  \\$a70p.

