=LDR  00000nam a2200000Ia 4500
=008  150128s9999||||xx\||||||||||||||\||und||
=100  \\$a"Kerr, William F."
=245  \\$a浸信會特徵
=260  \\$a台灣
=260  \\$b浸宣
=300  \\$a108p.

