=LDR  00000nam a2200000Ia 4500
=008  150128s9999||||xx\||||||||||||||\||und||
=100  \\$a章力生
=245  \\$a民族心靈之危機
=260  \\$a香港
=260  \\$b聖道
=300  \\$a165p.

