=LDR  00000nam a2200000Ia 4500
=008  150128s9999||||xx\||||||||||||||\||und||
=100  \\$a"Reed, R. Alton"
=245  \\$a經題編珠
=260  \\$a香港
=260  \\$b浸信會
=300  \\$a135p.

