=LDR  00000nam a2200000Ia 4500
=008  150128s9999||||xx\||||||||||||||\||und||
=100  \\$a"Green, Michael"
=245  \\$a何必在乎耶穌？
=260  \\$a台灣
=260  \\$b橄欖
=300  \\$a100p.

