=LDR  00000nam a2200000Ia 4500
=008  150128s9999||||xx\||||||||||||||\||und||
=100  \\$a吳明節
=245  \\$a信徒與神學
=260  \\$a香港
=260  \\$b天道
=300  \\$a122p.

