=LDR  00000nam a2200000Ia 4500
=008  150128s9999||||xx\||||||||||||||\||und||
=100  \\$a章力生
=245  \\$a時代先知的呼聲
=260  \\$a台灣
=260  \\$b中信
=300  \\$a21p.

