=LDR  00000nam a2200000Ia 4500
=008  150128s9999||||xx\||||||||||||||\||und||
=100  \\$a李耀功
=245  \\$a基督徒與人生
=260  \\$a台灣
=260  \\$b李耀功
=300  \\$a116p.

