=LDR  00000nam a2200000Ia 4500
=008  150128s9999||||xx\||||||||||||||\||und||
=100  \\$a王崇堯
=245  \\$a同一心志，同一道路
=260  \\$a台灣
=260  \\$b教會公報
=300  \\$a95p.

