=LDR  00000nam a2200000Ia 4500
=008  150128s9999||||xx\||||||||||||||\||und||
=100  \\$a"Newbigin, Lesslie"
=245  \\$a應世的宗教
=260  \\$a台灣
=260  \\$b東南亞神學院協會
=300  \\$a187p.

