=LDR  00000nam a2200000Ia 4500
=008  150128s9999||||xx\||||||||||||||\||und||
=100  \\$a"Tenney, Merrill C."
=245  \\$a聖經與神的道
=260  \\$a香港
=260  \\$b種籽
=300  \\$a23p.

