=LDR  00000nam a2200000Ia 4500
=008  150128s9999||||xx\||||||||||||||\||und||
=100  \\$a"Kaiser, Walter C. Jr"
=245  \\$a新約中之舊約引據
=260  \\$a台灣
=260  \\$b華神
=300  \\$a388p.

