=LDR  00000nam a2200000Ia 4500
=008  150128s9999||||xx\||||||||||||||\||und||
=100  \\$a宋泉盛
=245  \\$a認同與合一
=260  \\$a香港
=260  \\$b文藝
=300  \\$a226p.

