=LDR  00000nam a2200000Ia 4500
=008  150128s9999||||xx\||||||||||||||\||und||
=245  \\$a有盼望的生命—帖撒羅尼迦前書
=260  \\$a台灣
=260  \\$b主日學
=300  \\$a32p.

