=LDR  00000nam a2200000Ia 4500
=008  150128s9999||||xx\||||||||||||||\||und||
=100  \\$a何海濤
=245  \\$a麥基洗德
=260  \\$a香港
=260  \\$b基文
=300  \\$a48p.

