=LDR  00000nam a2200000Ia 4500
=008  150128s9999||||xx\||||||||||||||\||und||
=100  \\$a唐崇榮
=245  \\$a佈道神學
=260  \\$a台灣
=260  \\$b校園
=300  \\$a169p.

