=LDR  00000nam a2200000Ia 4500
=008  150128s9999||||xx\||||||||||||||\||und||
=100  \\$a"Scofield,"
=245  \\$a司可福分題查經八十一題
=260  \\$a台灣
=260  \\$b少年歸主
=300  \\$a54p.

