=LDR  00000nam a2200000Ia 4500
=008  150128s9999||||xx\||||||||||||||\||und||
=100  \\$a"小山晃佑(Koyam,Kosuke)"
=245  \\$a五分鐘神學
=260  \\$a香港
=260  \\$b文藝
=300  \\$a107p.

