=LDR  00000nam a2200000Ia 4500
=008  150128s9999||||xx\||||||||||||||\||und||
=100  \\$a"Tatford, F.A."
=245  \\$a神的計劃
=260  \\$a台灣
=260  \\$b新舊書房
=300  \\$a189p.

