=LDR  00000nam a2200000Ia 4500
=008  150128s9999||||xx\||||||||||||||\||und||
=100  \\$a"Hick,John"
=245  \\$a中庸基督教
=260  \\$a台灣
=260  \\$b東南亞神學院協會
=300  \\$a113p.

