=LDR  00000nam a2200000Ia 4500
=008  150128s9999||||xx\||||||||||||||\||und||
=100  \\$a李耀功
=245  \\$a國學證道集
=260  \\$a台灣
=260  \\$b李耀功
=300  \\$a119p.

