=LDR  00000nam a2200000Ia 4500
=008  150128s9999||||xx\||||||||||||||\||und||
=100  \\$a"Baker,William"
=245  \\$a當你沮喪時....
=260  \\$a台灣
=260  \\$b大光
=300  \\$a22p.

