=LDR  00000nam a2200000Ia 4500
=008  150128s9999||||xx\||||||||||||||\||und||
=100  \\$a王 明 道
=245  \\$a人 能 建 設 天 國 麼？
=260  \\$a香港
=260  \\$b宣道
=300  \\$a19p.

