=LDR  00000nam a2200000Ia 4500
=008  150128s9999||||xx\||||||||||||||\||und||
=100  \\$a劉志良
=245  \\$a信徒自修查經課程-彼得前書
=260  \\$a香港
=260  \\$b角聲
=300  \\$a68p.

