=LDR  00000nam a2200000Ia 4500
=008  150128s9999||||xx\||||||||||||||\||und||
=100  \\$a"Ryan, Dale & Juanita"
=245  \\$a還祂本相
=260  \\$a香港
=260  \\$b學生團契
=300  \\$a73p.

