=LDR  00000nam a2200000Ia 4500
=008  150128s9999||||xx\||||||||||||||\||und||
=245  \\$a愛家手冊
=260  \\$a台灣
=260  \\$b千代
=300  \\$a169p.

