=LDR  00000nam a2200000Ia 4500
=008  150128s9999||||xx\||||||||||||||\||und||
=100  \\$a周聯華
=245  \\$a神學綱要神觀，聖父
=260  \\$a台灣
=260  \\$b道聲
=300  \\$a306p.

