=LDR  00000nam a2200000Ia 4500
=008  150128s9999||||xx\||||||||||||||\||und||
=100  \\$a"Peale, Norman Vincent"
=245  \\$a人生的積極面-從耶穌基督來的積極能力
=260  \\$a台灣
=260  \\$b主日學
=300  \\$a248p.

