=LDR  00000nam a2200000Ia 4500
=008  150128s9999||||xx\||||||||||||||\||und||
=100  \\$a喬治辛恩
=245  \\$a你能勝過失敗
=260  \\$a台灣
=260  \\$b大光
=300  \\$a21p.

