=LDR  00000nam a2200000Ia 4500
=008  150128s9999||||xx\||||||||||||||\||und||
=100  \\$a"Keller, W. Philip"
=245  \\$a壓力三角
=260  \\$a台灣
=260  \\$b宇宙光
=300  \\$a130p.

