=LDR  00000nam a2200000Ia 4500
=008  150128s9999||||xx\||||||||||||||\||und||
=100  \\$a章力生
=245  \\$a生命之道
=260  \\$a香港
=260  \\$b晨星
=300  \\$a57p.

