=LDR  00000nam a2200000Ia 4500
=008  150128s9999||||xx\||||||||||||||\||und||
=100  \\$a劉翼凌
=245  \\$a福音集成
=260  \\$a美國
=260  \\$b文宣
=300  \\$a346p.

