=LDR  00000nam a2200000Ia 4500
=008  150128s9999||||xx\||||||||||||||\||und||
=100  \\$a姚子楓
=245  \\$a教會圖書館手冊
=260  \\$a香港
=260  \\$b宣道
=300  \\$a179p.

