=LDR  00000nam a2200000Ia 4500
=008  150128s9999||||xx\||||||||||||||\||und||
=100  \\$a"Lewis, C.s."
=245  \4$aThe Magician's of Nephew
=260  \\$a"New York,USA"
=260  \\$bMacmillan
=300  \\$a186p.

