=LDR  00000nam a2200000Ia 4500
=008  150128s9999||||xx\||||||||||||||\||und||
=100  \\$a謝 友 王
=245  \\$a虛 空 與 充 滿
=260  \\$a香 港
=260  \\$b種 籽
=300  \\$a312p.

