=LDR  00000nam a2200000Ia 4500
=008  150128s9999||||xx\||||||||||||||\||und||
=100  \\$a魏 立 健
=245  \\$a新 約 綜 覽 研 讀 手 冊
=260  \\$a台 灣
=260  \\$b華 神
=300  \\$a132p.

