=LDR  00000nam a2200000Ia 4500
=008  150128s9999||||xx\||||||||||||||\||und||
=245  \2$aA Star in the Breaking
=260  \\$aUSA
=260  \\$bForcus on the Family
=300  \\$a30m.

