=LDR  00000nam a2200000Ia 4500
=008  150128s9999||||xx\||||||||||||||\||und||
=245  \\$a妙 妙 書
=260  \\$a台 灣
=260  \\$b天 韻

