=LDR  00000nam a2200000Ia 4500
=008  150128s9999||||xx\||||||||||||||\||und||
=245  \4$aThe Amazing Book
=260  \\$aUSA
=260  \\$bBridgestone Group
=300  \\$a0

