=LDR  00000nam a2200000Ia 4500
=008  150128s9999||||xx\||||||||||||||\||und||
=245  \2$aA Star for Jeremy
=260  \\$aCA
=260  \\$bThe Bridgestone Group and Agapeland Home Viedo
=300  \\$a0

