=LDR  00000nam a2200000Ia 4500
=008  150128s9999||||xx\||||||||||||||\||und||
=100  \\$a"Rich,Richard James"
=245  \\$aSaul of Tarsus
=260  \\$aUSA
=260  \\$bFamily Entertainment Network
=300  \\$a25m.

