=LDR  00000nam a2200000Ia 4500
=008  150128s9999||||xx\||||||||||||||\||und||
=245  \\$aMystery Lights of Navajo Mesa
=260  \\$aUSA
=260  \\$bFocus on the Family
=300  \\$a50m.

