=LDR  00000nam a2200000Ia 4500
=008  150128s9999||||xx\||||||||||||||\||und||
=245  \\$a以 色 列 聖 地 之 旅
=260  \\$aOrlando Fl.
=260  \\$bChristianVideo International Inc.
=300  \\$a35m.

