=LDR  00000nam a2200000Ia 4500
=008  150128s9999||||xx\||||||||||||||\||und||
=245  \\$aIsreal-God's chosen People
=260  \\$aOrlando Fl.
=260  \\$bChristianVideo International Inc.
=300  \\$a45m.

