=LDR  00000nam a2200000Ia 4500
=008  150128s9999||||xx\||||||||||||||\||und||
=245  \4$aThe Creation
=260  \\$aCA
=260  \\$bHanna-Barbera's
=300  \\$a30m.

