=LDR  00000nam a2200000Ia 4500
=008  150128s9999||||xx\||||||||||||||\||und||
=245  \\$a飛 向 過 去
=260  \\$a台 灣
=260  \\$b天 韻
=300  \\$a25m.

