=LDR  00000nam a2200000Ia 4500
=008  150128s9999||||xx\||||||||||||||\||und||
=245  \\$a淚 影 中 的 最 愛
=260  \\$a台 灣
=260  \\$b浸 傳
=300  \\$a72m.

