=LDR  00000nam a2200000Ia 4500
=008  150128s9999||||xx\||||||||||||||\||und||
=245  \\$a第 四 個 博 士
=260  \\$a台 灣
=260  \\$b浸 傳
=300  \\$a50m.

