=LDR  00000nam a2200000Ia 4500
=008  150128s9999||||xx\||||||||||||||\||und||
=245  \\$a親 情 何 處  尋
=260  \\$a台 灣
=260  \\$b浸 傳
=300  \\$a60m.

