=LDR  00000nam a2200000Ia 4500
=008  150128s9999||||xx\||||||||||||||\||und||
=245  \\$a時 間 與 永 恆
=260  \\$a台 灣
=260  \\$b浸 傳
=300  \\$a30

