=LDR  00000nam a2200000Ia 4500
=008  150128s9999||||xx\||||||||||||||\||und||
=245  \\$a20
=260  \\$aVR
=260  \\$bFALSE

