=LDR  00000nam a2200000Ia 4500
=008  150128s9999||||xx\||||||||||||||\||und||
=100  \\$a羅 曼 華
=245  \\$a差 傳 結 構 與 組 織
=260  \\$a美 國
=260  \\$b大 使 命 中 心
=300  \\$a60m.

