=LDR  00000nam a2200000Ia 4500
=008  150128s9999||||xx\||||||||||||||\||und||
=245  \4$aThe Resurrection Celebration
=260  \\$a"AL,USA"
=260  \\$b"Integrity Music,Inc."
=300  \\$a30m.

