=LDR  00000nam a2200000Ia 4500
=008  150128s9999||||xx\||||||||||||||\||und||
=245  \\$aBreaking Through The Roof-The Power of Prayer
=260  \\$aUSA
=260  \\$bGreat Pearl Communications
=300  \\$a28m.

