=LDR  00000nam a2200000Ia 4500
=008  150128s9999||||xx\||||||||||||||\||und||
=100  \\$a"Robbins, Duffy"
=245  \\$aGo For Broke
=260  \\$aUSA
=260  \\$bZondervan
=300  \\$a35m.

