=LDR  00000nam a2200000Ia 4500
=008  150128s9999||||xx\||||||||||||||\||und||
=100  \\$a"Leman, Kevin &Carlson, Randy"
=245  \\$aParent Talk
=260  \\$aUSA
=260  \\$bThomas Nelson
=300  \\$a60m.

