=LDR  00000nam a2200000Ia 4500
=008  150128s9999||||xx\||||||||||||||\||und||
=245  \\$aHuman Life-The Wonders of God's Creation
=260  \\$a"IL,USA"
=260  \\$bMoody Institute of Science
=300  \\$a62m.

