=LDR  00000nam a2200000Ia 4500
=008  150128s9999||||xx\||||||||||||||\||und||
=245  \\$aMartin the Cobbler
=260  \\$a"PA,USA"
=260  \\$bGateway Films/Vision Video
=300  \\$a27m.

