=LDR  00000nam a2200000Ia 4500
=008  150128s9999||||xx\||||||||||||||\||und||
=245  \\$aPrince Caspian and the Voyage of the Dawn Treader
=260  \\$aUSA
=260  \\$bPublic Media Video
=300  \\$a165m.

