=LDR  00000nam a2200000Ia 4500
=008  150128s9999||||xx\||||||||||||||\||und||
=100  \\$a李 秀 全 ， 李 林 靜 芝
=245  \\$a離 婚 問 題 (上)
=260  \\$a美 國
=260  \\$b基 督 教 國 際 電 視 教 學
=300  \\$a0

