=LDR  00000nam a2200000Ia 4500
=008  150128s9999||||xx\||||||||||||||\||und||
=245  \\$a是 愛
=260  \\$a台 灣
=260  \\$b天韻
=300  \\$a33m.

