=LDR  00000nam a2200000Ia 4500
=008  150128s9999||||xx\||||||||||||||\||und||
=245  \\$a讚美吟詩(3)
=260  \\$a台 灣
=260  \\$b大 門 文 化 有 限 公 司
=300  \\$a0

