=LDR  00000nam a2200000Ia 4500
=008  150128s9999||||xx\||||||||||||||\||und||
=100  \\$a鄭 國 治
=245  \\$a現 代 人 的 家 庭
=260  \\$a美 國
=260  \\$b國 際 學 園 傳 道 會 華 人 事 工
=300  \\$a0

