=LDR  00000nam a2200000Ia 4500
=008  150128s9999||||xx\||||||||||||||\||und||
=245  \\$a新 城 教 會 1993家 庭 退 修 會 (一)
=260  \\$a美 國
=260  \\$b新 城
=300  \\$a0

