=LDR  00000nam a2200000Ia 4500
=008  150128s9999||||xx\||||||||||||||\||und||
=245  \\$a"新 城 教 會 聖 誕 節1994(兒 童,詩 班 獻 詩 )"
=260  \\$a美 國
=260  \\$b新 城
=300  \\$a0

