=LDR  00000nam a2200000Ia 4500
=008  150128s9999||||xx\||||||||||||||\||und||
=245  \4$aThe Incredible Human Machine
=260  \\$a"CT,USA"
=260  \\$bVestron Video
=300  \\$a60m.

