=LDR  00000nam a2200000Ia 4500
=008  150128s9999||||xx\||||||||||||||\||und||
=245  \\$aAlaska-Outrage at Valdez
=260  \\$aUSA
=260  \\$bTurner Home Entertainment
=300  \\$a48m.

