=LDR  00000nam a2200000Ia 4500
=008  150128s9999||||xx\||||||||||||||\||und||
=245  \4$aThe First Christmas
=260  \\$aUSA
=260  \\$bVanguard Video
=300  \\$a50m.

