=LDR  00000nam a2200000Ia 4500
=008  150128s9999||||xx\||||||||||||||\||und||
=245  \\$aEarly Ministry
=260  \\$aUSA
=260  \\$bVanguard Video
=300  \\$a75m.

