=LDR  00000nam a2200000Ia 4500
=008  150128s9999||||xx\||||||||||||||\||und||
=100  \\$a"Campolo,Tony"
=245  \\$aLiving with Your Spouse
=260  \\$a"WA,USA"
=260  \\$bGalaxy Communications Inc
=300  \\$a0

