=LDR  00000nam a2200000Ia 4500
=008  150128s9999||||xx\||||||||||||||\||und||
=245  \\$aTwister & shout
=260  \\$a"IL,USA"
=260  \\$bTynadle
=300  \\$a30M.

