=LDR  00000nam a2200000Ia 4500
=008  150128s9999||||xx\||||||||||||||\||und||
=245  \4$aThe Spirit of Christmas
=260  \\$aTaiwan
=260  \\$bHeavenly Melody
=300  \\$a40m.

