=LDR  00000nam a2200000Ia 4500
=008  150128s9999||||xx\||||||||||||||\||und||
=245  \\$a"The Lion,the Witch and the Wardrobe"
=260  \\$aUSA
=260  \\$bPublic Media Video
=300  \\$a165m.

