=LDR  00000nam a2200000Ia 4500
=008  150128s9999||||xx\||||||||||||||\||und||
=100  \\$a"Minirth, Frank B. & Meier, Paul D."
=245  \\$aHappiness is a choice
=260  \\$a"Texas,"
=260  \\$bChristian Family Video
=300  \\$a0

