=LDR  00000nam a2200000Ia 4500
=008  150128s9999||||xx\||||||||||||||\||und||
=245  \\$aSinging the Bible and Having Fun!(Proverbs)
=260  \\$aTaxas
=260  \\$bBlair Music
=300  \\$a30m.

