=LDR  00000nam a2200000Ia 4500
=008  150128s9999||||xx\||||||||||||||\||und||
=245  \\$aJohn the Baptist
=260  \\$aUSA
=260  \\$bFamily Entertainment Network Video
=300  \\$a30m.

