=LDR  00000nam a2200000Ia 4500
=008  150128s9999||||xx\||||||||||||||\||und||
=245  \4$aThe Celebration House
=260  \\$aAL.USA
=260  \\$bJust for Kids
=300  \\$a30m.

