=LDR  00000nam a2200000Ia 4500
=008  150128s9999||||xx\||||||||||||||\||und||
=245  \\$aEddie's First Christmas
=260  \\$aCA. USA
=260  \\$bGreat Pearl Communication
=300  \\$a34m.

