=LDR  00000nam a2200000Ia 4500
=008  150128s9999||||xx\||||||||||||||\||und||
=245  \2$aA Thief in the Night
=260  \\$a"IA, USA"
=260  \\$bMark IV Picture Video
=300  \\$a69m.

