=LDR  00000nam a2200000Ia 4500
=008  150128s9999||||xx\||||||||||||||\||und||
=245  \\$aTake Me Out of the Ball Game
=260  \\$a"IL,USA"
=260  \\$bTyndale
=300  \\$a30M.

