=LDR  00000nam a2200000Ia 4500
=008  150128s9999||||xx\||||||||||||||\||und||
=041  \\$a英 語
=245  \\$aGary's Garage
=260  \\$a"CA,USA"
=260  \\$bGospel Light
=300  \\$a30m.

