=LDR  00000nam a2200000Ia 4500
=008  150128s9999||||xx\||||||||||||||\||und||
=245  \4$aThe Donut Hole
=260  \\$a"CA,USA"
=260  \\$bGospel Light
=300  \\$a38m.

