=LDR  00000nam a2200000Ia 4500
=008  150128s9999||||xx\||||||||||||||\||und||
=245  \\$aEscape from Fire Lake
=260  \\$aUSA
=260  \\$bTyndale Family Video
=300  \\$a55m.

