=LDR  00000nam a2200000Ia 4500
=008  150128s9999||||xx\||||||||||||||\||und||
=245  \\$a耶 穌 傳
=260  \\$aUAS
=260  \\$bCampus Crusade for Christ
=300  \\$a120m.

