=LDR  00000nam a2200000Ia 4500
=008  150128s9999||||xx\||||||||||||||\||und||
=245  \\$aJoni
=260  \\$aUSA
=260  \\$bWorld Wide Pictures Home Viedo
=300  \\$a110m.

