=LDR  00000nam a2200000Ia 4500
=008  150128s9999||||xx\||||||||||||||\||und||
=041  \\$a英 語
=245  \\$aNoah's Ark
=260  \\$a"CA,USA"
=260  \\$bHanna-Barbera
=300  \\$a0

