=LDR  00000nam a2200000Ia 4500
=008  150128s9999||||xx\||||||||||||||\||und||
=245  \4$aThe Fourth Wise Man
=260  \\$aUSA
=260  \\$bGateway Films Vision Video
=300  \\$a72m.

