=LDR  00000nam a2200000Ia 4500
=008  150128s9999||||xx\||||||||||||||\||und||
=245  \\$aIt's Ok to Say No to Drugs
=260  \\$a"CA,USA"
=260  \\$bJCI Video
=300  \\$a40m.

