=LDR  00000nam a2200000Ia 4500
=008  150128s9999||||xx\||||||||||||||\||und||
=245  \\$a騙 子
=260  \\$a台 灣
=260  \\$b浸 傳
=300  \\$a41m.

