=LDR  00000nam a2200000Ia 4500
=008  150128s9999||||xx\||||||||||||||\||und||
=245  \\$aHide'em in Your Heart Songs with Steve Green
=260  \\$a"TN,USA"
=260  \\$bThe Sparrow Corporation
=300  \\$a0

