=LDR  00000nam a2200000Ia 4500
=008  150128s9999||||xx\||||||||||||||\||und||
=245  \\$a美國很近，花蓮很遠？
=260  \\$a台灣
=260  \\$b浸傳
=300  \\$a35m.

