=LDR  00000nam a2200000Ia 4500
=008  150128s9999||||xx\||||||||||||||\||und||
=245  \\$a飛行屋(17)
=260  \\$a台灣
=260  \\$b天韻
=300  \\$a25m.

