=LDR  00000nam a2200000Ia 4500
=008  150128s9999||||xx\||||||||||||||\||und||
=245  \\$a地球—生命的護庇所
=260  \\$a台灣
=260  \\$b浸傳
=300  \\$a0

