=LDR  00000nam a2200000Ia 4500
=008  150128s9999||||xx\||||||||||||||\||und||
=100  \\$a"Tan, Paul Lee"
=245  \\$aEncyclopedia of 7700 Illustratins
=260  \\$a"Rockvill, MD"
=260  \\$bAssurance Publishers
=300  \\$a2031p.

