=LDR  00000nam a2200000Ia 4500
=008  150128s9999||||xx\||||||||||||||\||und||
=041  \\$a國 語
=245  \\$aChinese Mission '92(中華差傳92)
=260  \\$a美國
=260  \\$b使者
=300  \\$a48.5m.

