=LDR  00000nam a2200000Ia 4500
=008  150128s9999||||xx\||||||||||||||\||und||
=245  \\$a福音金曲KTV
=260  \\$a台灣
=260  \\$b浸傳
=300  \\$a0

