=LDR  00000nam a2200000Ia 4500
=008  150128s9999||||xx\||||||||||||||\||und||
=245  \\$a天涯若比鄰
=260  \\$a美國
=260  \\$bEFC  Agape Outreach Center

