=LDR  00000nam a2200000Ia 4500
=008  150128s9999||||xx\||||||||||||||\||und||
=245  \\$aJesus of Nazareth
=260  \\$a"CA, USA"
=260  \\$bBridgestone Group Inc.
=300  \\$a150m.

