=LDR  00000nam a2200000Ia 4500
=008  150128s9999||||xx\||||||||||||||\||und||
=100  \\$a裴戚慕瑾
=245  \\$a尋夢
=260  \\$a台灣
=260  \\$b台灣
=300  \\$a175p.

