=LDR  00000nam a2200000Ia 4500
=008  150128s9999||||xx\||||||||||||||\||und||
=100  \\$a梁燕城
=245  \\$a傳統溯源
=260  \\$a台灣
=260  \\$b中信
=300  \\$a77p.

