=LDR  00000nam a2200000Ia 4500
=008  150128s9999||||xx\||||||||||||||\||und||
=100  \\$a"Narramore, Bruce"
=245  \\$a如何接納自己
=260  \\$a台灣
=260  \\$b大光
=300  \\$a170p.

