=LDR  00000nam a2200000Ia 4500
=008  150128s9999||||xx\||||||||||||||\||und||
=100  \\$a任以撒
=245  \\$a系統神學
=260  \\$a香港
=260  \\$b基道
=300  \\$a266p.

