=LDR  00000nam a2200000Ia 4500
=008  150128s9999||||xx\||||||||||||||\||und||
=100  \\$a林治平，魏外揚
=245  \\$a宇宙光二十一週年感恩紀念集
=260  \\$a台灣
=260  \\$b宇宙光
=300  \\$a295p.

