=LDR  00000nam a2200000Ia 4500
=008  150128s9999||||xx\||||||||||||||\||und||
=100  \\$aOld Testament Bible Walk
=245  \\$aEvangel Press
=300  \\$a0

