=LDR  00000nam a2200000Ia 4500
=008  150128s9999||||xx\||||||||||||||\||und||
=100  \\$a桑安柱
=245  \\$a大結局—世局演變與發展
=260  \\$a香港
=260  \\$b甘霖
=300  \\$a140p.

