=LDR  00000nam a2200000Ia 4500
=008  150128s9999||||xx\||||||||||||||\||und||
=245  \\$a耶穌，你是誰？
=260  \\$a香港
=260  \\$b聖經公會
=300  \\$a89p.

