=LDR  00000nam a2200000Ia 4500
=008  150128s9999||||xx\||||||||||||||\||und||
=100  \\$a"Collins, Gary R."
=245  \\$a你能造成不一樣
=260  \\$a台灣
=260  \\$b學園
=300  \\$a262p.

