=LDR  00000nam a2200000Ia 4500
=008  150128s9999||||xx\||||||||||||||\||und||
=100  \\$a"Lewis, C.S."
=245  \\$a來自寂靜的星球
=260  \\$a台灣
=260  \\$b主日學
=300  \\$a282p.

