=LDR  00000nam a2200000Ia 4500
=008  150128s9999||||xx\||||||||||||||\||und||
=100  \\$a司徒焯正
=245  \\$a近代神學七大路線
=260  \\$a香港
=260  \\$b證道
=300  \\$a306p.

