=LDR  00000nam a2200000Ia 4500
=008  150128s9999||||xx\||||||||||||||\||und||
=100  \\$a"Montgomery, John W."
=245  \\$a歷史與基督教
=260  \\$a台灣
=260  \\$b校園
=300  \\$a75p.

