=LDR  00000nam a2200000Ia 4500
=008  150128s9999||||xx\||||||||||||||\||und||
=100  \\$a"Luther, Martin"
=245  \\$a九十五條
=260  \\$a台灣
=260  \\$b道聲
=300  \\$a88p.

