=LDR  00000nam a2200000Ia 4500
=008  150128s9999||||xx\||||||||||||||\||und||
=100  \\$a"Bakke, Raymond"
=245  \\$a都市裏的基督徒
=260  \\$a台灣
=260  \\$b華神
=300  \\$a233p.

