=LDR  00000nam a2200000Ia 4500
=008  150128s9999||||xx\||||||||||||||\||und||
=100  \\$a喬治。辛恩
=245  \\$a當你憂慮、疑惑和恐懼時
=260  \\$a台灣
=260  \\$b大光
=300  \\$a19p.

