=LDR  00000nam a2200000Ia 4500
=008  150128s9999||||xx\||||||||||||||\||und||
=100  \\$a"Dayton,Edward R. & Engstrom,Ted W."
=245  \\$a不枉此生
=260  \\$a香港
=260  \\$b香港歸主協會
=300  \\$a136p.

