=LDR  00000nam a2200000Ia 4500
=008  150128s9999||||xx\||||||||||||||\||und||
=100  \\$a杜永嘉
=245  \\$a聖經真理百課(上)
=260  \\$a香港
=260  \\$b晨星
=300  \\$a227

