=LDR  00000nam a2200000Ia 4500
=008  150128s9999||||xx\||||||||||||||\||und||
=100  \\$a"Magalit, Leticia A."
=245  \\$a如何帶領查經
=260  \\$a台灣
=260  \\$b常青
=300  \\$a56p.

