=LDR  00000nam a2200000Ia 4500
=008  150128s9999||||xx\||||||||||||||\||und||
=100  \\$a"Rush, Myron"
=245  \\$a燈枯油盡時-如何面對心力交瘁的生活
=260  \\$a台灣
=260  \\$b校園
=300  \\$a134p.

