=LDR  00000nam a2200000Ia 4500
=008  150128s9999||||xx\||||||||||||||\||und||
=100  \\$a"Knight, Orman"
=245  \\$a基督徒手冊
=260  \\$a台灣
=260  \\$b浸宣
=300  \\$a259p.

