=LDR  00000nam a2200000Ia 4500
=008  150128s9999||||xx\||||||||||||||\||und||
=100  \\$a陳潤棠，陳金獅
=245  \\$a簡易讀經與解經法
=260  \\$a香港
=260  \\$b天道
=300  \\$a245p.

