=LDR  00000nam a2200000Ia 4500
=008  150128s9999||||xx\||||||||||||||\||und||
=100  \\$a"Jone, Martyn Lioyd"
=245  \\$a救恩的確據(下)約翰福音第十七章的信息
=260  \\$a美國
=260  \\$b活泉
=300  \\$a252

