=LDR  00000nam a2200000Ia 4500
=008  150128s9999||||xx\||||||||||||||\||und||
=100  \\$a"Simpson, A.B."
=245  \\$a列王與先知
=260  \\$a香港
=260  \\$b宣道
=300  \\$a186p.

