=LDR  00000nam a2200000Ia 4500
=008  150128s9999||||xx\||||||||||||||\||und||
=100  \\$a"Howard, David M."
=245  \\$a盈眶的眼淚-耶利米這個人
=260  \\$a台灣
=260  \\$b主日學
=300  \\$a188p.

