=LDR  00000nam a2200000Ia 4500
=008  150128s9999||||xx\||||||||||||||\||und||
=100  \\$a史祈生
=245  \\$a先知書的作者
=260  \\$a香港
=260  \\$b宣道
=300  \\$a113p.

