=LDR  00000nam a2200000Ia 4500
=008  150128s9999||||xx\||||||||||||||\||und||
=100  \\$a"Baker, Don & Nester, Emery"
=245  \\$a走出黑洞
=260  \\$a香港
=260  \\$b天道
=300  \\$a308p.

