=LDR  00000nam a2200000Ia 4500
=008  150128s9999||||xx\||||||||||||||\||und||
=245  \\$a與基督相交
=260  \\$a台灣
=260  \\$b主日學
=300  \\$a24p.

