=LDR  00000nam a2200000Ia 4500
=008  150128s9999||||xx\||||||||||||||\||und||
=100  \\$a沈保羅
=245  \\$a超越的追尋-腓立比書的講解
=260  \\$a香港
=260  \\$b天道
=300  \\$a213p.

