=LDR  00000nam a2200000Ia 4500
=008  150128s9999||||xx\||||||||||||||\||und||
=100  \\$a"Sparks, T.Austin"
=245  \\$a屬天道路的先鋒
=260  \\$a香港
=260  \\$b晨星
=300  \\$a125p.

