=LDR  00000nam a2200000Ia 4500
=008  150128s9999||||xx\||||||||||||||\||und||
=100  \\$a杭克安
=245  \\$a慕道查經班講義
=260  \\$a香港
=260  \\$b浸信會
=300  \\$a24p.

