=LDR  00000nam a2200000Ia 4500
=008  150128s9999||||xx\||||||||||||||\||und||
=100  \\$a吳恩溥
=245  \\$a天國大英雄
=260  \\$a台灣
=260  \\$b聖文社
=300  \\$a184p.

