=LDR  00000nam a2200000Ia 4500
=008  150128s9999||||xx\||||||||||||||\||und||
=100  \\$a張曉風
=245  \\$a給你，瑩瑩
=260  \\$a台灣
=260  \\$b文藝出版社
=300  \\$a142p.

