=LDR  00000nam a2200000Ia 4500
=008  150128s9999||||xx\||||||||||||||\||und||
=245  \\$a十二聖經婦女
=260  \\$a香港
=260  \\$b道聲
=300  \\$a61p.

