=LDR  00000nam a2200000Ia 4500
=008  150128s9999||||xx\||||||||||||||\||und||
=100  \\$a"Jordan, Bernice C."
=245  \\$a信心的腳蹤(第二冊)
=260  \\$a香港
=260  \\$b播道會
=300  \\$a212p.

