=LDR  00000nam a2200000Ia 4500
=008  150128s9999||||xx\||||||||||||||\||und||
=100  \\$a"Dravecky, Dave with Stafford, Tim"
=245  \\$a再見大聯盟
=260  \\$a台灣
=260  \\$b校園
=300  \\$a198p.

