=LDR  00000nam a2200000Ia 4500
=008  150128s9999||||xx\||||||||||||||\||und||
=100  \\$a"Merrill, Dean"
=245  \\$a如何化解婚姻危機
=260  \\$a台灣
=260  \\$b主日學
=300  \\$a273p.

