=LDR  00000nam a2200000Ia 4500
=008  150128s9999||||xx\||||||||||||||\||und||
=100  \\$a唐佑之
=245  \\$a紀念與見證
=260  \\$a香港
=260  \\$b卓越
=300  \\$a175p.

