=LDR  00000nam a2200000Ia 4500
=008  150128s9999||||xx\||||||||||||||\||und||
=100  \\$a"Schuller, Robert H."
=245  \\$a無情世界有情天
=260  \\$a台福
=260  \\$b美國
=300  \\$a257p.

