=LDR  00000nam a2200000Ia 4500
=008  150128s9999||||xx\||||||||||||||\||und||
=100  \\$a"Smith, Fred"
=245  \\$a如何開發領導潛能
=260  \\$a台灣
=260  \\$b主日學
=300  \\$a212p.

