=LDR  00000nam a2200000Ia 4500
=008  150128s9999||||xx\||||||||||||||\||und||
=100  \\$a"Weeden, Larry K."
=245  \\$a如何營造愛的團契
=260  \\$a台灣
=260  \\$b主日學
=300  \\$a196p.

