=LDR  00000nam a2200000Ia 4500
=008  150128s9999||||xx\||||||||||||||\||und||
=100  \\$a"Gabriel, Ginger"
=245  \\$a屬神的女人
=260  \\$a台灣
=260  \\$b學園
=300  \\$a133p.

