=LDR  00000nam a2200000Ia 4500
=008  150128s9999||||xx\||||||||||||||\||und||
=100  \\$a陳若愚
=245  \\$a離婚與再婚
=260  \\$a香港
=260  \\$b宣道
=300  \\$a266p.

