=LDR  00000nam a2200000Ia 4500
=008  150128s9999||||xx\||||||||||||||\||und||
=100  \\$a唐佑之
=245  \\$a牧野的蘆笛
=260  \\$a香港
=260  \\$b證道
=300  \\$a149p.

