=LDR  00000nam a2200000Ia 4500
=008  150128s9999||||xx\||||||||||||||\||und||
=100  \\$a"Sterner, John"
=245  \\$a超級屬靈人
=260  \\$a香港
=260  \\$b天道
=300  \\$a248p.

