=LDR  00000nam a2200000Ia 4500
=008  150128s9999||||xx\||||||||||||||\||und||
=100  \\$a"Livesey, Roy"
=245  \\$a揭開迷惑/新時代運動的神祕面紗與錯誤教導
=260  \\$a台灣
=260  \\$b橄欖
=300  \\$a285p.

