=LDR  00000nam a2200000Ia 4500
=008  150128s9999||||xx\||||||||||||||\||und||
=100  \\$a"Miller, Basil"
=245  \\$a克理威廉-近代宣教之父
=260  \\$a香港
=260  \\$b大使命基督徒團契
=300  \\$a176p.

