=LDR  00000nam a2200000Ia 4500
=008  150128s9999||||xx\||||||||||||||\||und||
=100  \\$a"Kidner, Derek"
=245  \\$a丁道爾舊約聖經註釋﹕詩篇(下)
=260  \\$a台灣
=260  \\$b校園
=300  \\$a298p.

