=LDR  00000nam a2200000Ia 4500
=008  150128s9999||||xx\||||||||||||||\||und||
=100  \\$a魏外揚
=245  \\$a貝德士的名單
=260  \\$a台灣
=260  \\$b宇宙光
=300  \\$a201p.

