=LDR  00000nam a2200000Ia 4500
=008  150128s9999||||xx\||||||||||||||\||und||
=100  \\$a鄭天福
=245  \\$a追求基督
=260  \\$a台灣
=260  \\$b神的教會
=300  \\$a129p.

