=LDR  00000nam a2200000Ia 4500
=008  150128s9999||||xx\||||||||||||||\||und||
=100  \\$a"Peach, Stanley"
=245  \\$a青年無價之寶
=260  \\$a台灣
=260  \\$b浸宣
=300  \\$a120p.

