=LDR  00000nam a2200000Ia 4500
=008  150128s9999||||xx\||||||||||||||\||und||
=100  \\$a滌然
=245  \\$a雙行道
=260  \\$a美國
=260  \\$b使者
=300  \\$a191p.

