=LDR  00000nam a2200000Ia 4500
=008  150128s9999||||xx\||||||||||||||\||und||
=100  \\$a趙鏞基
=245  \\$a第四度空間
=260  \\$a台灣
=260  \\$b學園
=300  \\$a162p.

