=LDR  00000nam a2200000Ia 4500
=008  150128s9999||||xx\||||||||||||||\||und||
=100  \\$a孟憲琳，何曉東
=245  \\$a兩個腳印
=260  \\$a台灣
=260  \\$b大光
=300  \\$a147p.

