=LDR  00000nam a2200000Ia 4500
=008  150128s9999||||xx\||||||||||||||\||und||
=245  \\$a基督徒與順服
=260  \\$a台灣
=260  \\$b學園
=300  \\$a24p.

