=LDR  00000nam a2200000Ia 4500
=008  150128s9999||||xx\||||||||||||||\||und||
=100  \\$a"Lahaye, Beverly"
=245  \\$a更新的女性
=260  \\$a香港
=260  \\$b種籽
=300  \\$a190p.

