=LDR  00000nam a2200000Ia 4500
=008  150128s9999||||xx\||||||||||||||\||und||
=100  \\$a"Lytle clyde Francis & Remley, D.G."
=245  \\$a金葉
=260  \\$a台灣
=260  \\$b主日學
=300  \\$a195p.

