=LDR  00000nam a2200000Ia 4500
=008  150128s9999||||xx\||||||||||||||\||und||
=100  \\$a林治平，張曉風
=245  \\$a如果你有一首歌
=260  \\$a台灣
=260  \\$b宇宙光
=300  \\$a195p.

