=LDR  00000nam a2200000Ia 4500
=008  150128s9999||||xx\||||||||||||||\||und||
=100  \\$a"Boa, Kenneth & Moody, Larry"
=245  \\$a問得好-解答當代人對信仰的困擾
=260  \\$a台灣
=260  \\$b橄欖
=300  \\$a287p.

