=LDR  00000nam a2200000Ia 4500
=008  150128s9999||||xx\||||||||||||||\||und||
=100  \\$a林治平
=245  \\$a制沙與自殺-全方位事奉的挑戰
=260  \\$a台灣
=260  \\$b宇宙光
=300  \\$a381p.

