=LDR  00000nam a2200000Ia 4500
=008  150128s9999||||xx\||||||||||||||\||und||
=100  \\$a"Wight, Fred"
=245  \\$a聖地風俗習慣
=260  \\$a香港
=260  \\$b天道
=300  \\$a361p.

