=LDR  00000nam a2200000Ia 4500
=008  150128s9999||||xx\||||||||||||||\||und||
=100  \\$a"Allen, charles L."
=245  \\$a出山泉
=260  \\$a香港
=260  \\$b證道
=300  \\$a243p.

