=LDR  00000nam a2200000Ia 4500
=008  150128s9999||||xx\||||||||||||||\||und||
=100  \\$a呂代豪
=245  \\$a收刀入鞘(原名﹕審判台前)
=260  \\$a台灣
=260  \\$b大光
=300  \\$a312p.

