=LDR  00000nam a2200000Ia 4500
=008  150128s9999||||xx\||||||||||||||\||und||
=100  \\$a"McElveen, Floyd C."
=245  \\$a摩門教真相
=260  \\$a台灣
=260  \\$b主日學
=300  \\$a227p.

