=LDR  00000nam a2200000Ia 4500
=008  150128s9999||||xx\||||||||||||||\||und||
=100  \\$a"Phillips, J.B."
=245  \\$a真理的呼聲
=260  \\$a香港
=260  \\$b證主
=300  \\$a128p.

