=LDR  00000nam a2200000Ia 4500
=008  150128s9999||||xx\||||||||||||||\||und||
=100  \\$a周聯華
=245  \\$a如此我信
=260  \\$a香港
=260  \\$b文藝出版社
=300  \\$a176p.

