=LDR  00000nam a2200000Ia 4500
=008  150128s9999||||xx\||||||||||||||\||und||
=100  \\$a李常受
=245  \\$a認識教會
=260  \\$a台灣
=260  \\$b福音
=300  \\$a125p.

