=LDR  00000nam a2200000Ia 4500
=008  150128s9999||||xx\||||||||||||||\||und||
=100  \\$a"Schaeffer, Francis A."
=245  \\$a聖經基要真理淺釋
=260  \\$a台灣
=260  \\$b校園
=300  \\$a112p.

