=LDR  00000nam a2200000Ia 4500
=008  150128s9999||||xx\||||||||||||||\||und||
=100  \\$a賴瑞仁
=245  \\$a神人—以色列先知的研究
=260  \\$a台灣
=260  \\$b主日學
=300  \\$a150p.

