=LDR  00000nam a2200000Ia 4500
=008  150128s9999||||xx\||||||||||||||\||und||
=100  \\$a焦源濂
=245  \\$a我們都逃脫了
=260  \\$a台灣
=260  \\$b校園
=300  \\$a244p.

