=LDR  00000nam a2200000Ia 4500
=008  150128s9999||||xx\||||||||||||||\||und||
=100  \\$a姜寶陞等
=245  \\$a基督徒的家庭觀
=260  \\$a台灣
=260  \\$b新新生命
=300  \\$a126p.

