=LDR  00000nam a2200000Ia 4500
=008  150128s9999||||xx\||||||||||||||\||und||
=100  \\$a陳濟民等
=245  \\$a基督徒的屬靈觀
=260  \\$a台灣
=260  \\$b新新生命
=300  \\$a126p.

