=LDR  00000nam a2200000Ia 4500
=008  150128s9999||||xx\||||||||||||||\||und||
=100  \\$a麥希真
=245  \\$a工人的典範
=260  \\$a香港
=260  \\$b證主
=300  \\$a272p.

