=LDR  00000nam a2200000Ia 4500
=008  150128s9999||||xx\||||||||||||||\||und||
=100  \\$a李常受
=245  \\$a教會的見證與立場
=260  \\$a台灣
=260  \\$b福音
=300  \\$a380p.

