=LDR  00000nam a2200000Ia 4500
=008  150128s9999||||xx\||||||||||||||\||und||
=100  \\$a楊牧谷
=245  \\$a狂飆後的微聲-靈恩與事奉
=260  \\$a香港
=260  \\$b卓越
=300  \\$a259p.

