=LDR  00000nam a2200000Ia 4500
=008  150128s9999||||xx\||||||||||||||\||und||
=100  \\$a李啟榮
=245  \\$a刺中玫瑰
=260  \\$a香港
=260  \\$b聖道
=300  \\$a128p.

