=LDR  00000nam a2200000Ia 4500
=008  150128s9999||||xx\||||||||||||||\||und||
=100  \\$a"Packer, J.I."
=245  \\$a基要主義與神的道
=260  \\$a香港
=260  \\$b證道
=300  \\$a202p.

