=LDR  00000nam a2200000Ia 4500
=008  150128s9999||||xx\||||||||||||||\||und||
=100  \\$a鄭果
=245  \\$a你的教會可以影響世界
=260  \\$a美國
=260  \\$b中信
=300  \\$a24p.

