=LDR  00000nam a2200000Ia 4500
=008  150128s9999||||xx\||||||||||||||\||und||
=100  \\$a陸南瑞等
=245  \\$a跟你們一樣的
=260  \\$a台灣
=260  \\$b校園
=300  \\$a134p.

