=LDR  00000nam a2200000Ia 4500
=008  150128s9999||||xx\||||||||||||||\||und||
=100  \\$a"Murphey, Cecil"
=245  \\$a堵住破口-現代基督徒的七大罪
=260  \\$a台灣
=260  \\$b橄欖
=300  \\$a102p.

