=LDR  00000nam a2200000Ia 4500
=008  150128s9999||||xx\||||||||||||||\||und||
=100  \\$a"Wanger, C. peter"
=245  \\$a蓬 勃 的 教 會
=260  \\$a香 港
=260  \\$b種 籽
=300  \\$a156p.

