=LDR  00000nam a2200000Ia 4500
=008  150128s9999||||xx\||||||||||||||\||und||
=100  \\$a"Lahaye, Tim"
=245  \\$a氣 質 的 更 新
=260  \\$a香 港
=260  \\$b宣 道
=300  \\$a224p

