=LDR  00000nam a2200000Ia 4500
=008  150128s9999||||xx\||||||||||||||\||und||
=100  \\$a陳 佩 璇 等
=245  \\$a永 恆 的 春 天
=260  \\$a台 灣
=260  \\$b宇 宙 光
=300  \\$a231p.

