=LDR  00000nam a2200000Ia 4500
=008  150128s9999||||xx\||||||||||||||\||und||
=100  \\$a許牧世
=245  \\$a聖地春秋（上下集）
=260  \\$a香港
=260  \\$b文藝
=300  \\$a192p.

