=LDR  00000nam a2200000Ia 4500
=008  150128s9999||||xx\||||||||||||||\||und||
=100  \\$a邱清泰 & 余竹君
=245  \\$a合而為一；行動與計劃
=260  \\$a美國
=260  \\$b家庭更新協會
=300  \\$a30m.

