=LDR  00000nam a2200000Ia 4500
=008  150128s9999||||xx\||||||||||||||\||und||
=245  \\$a好戲登場
=260  \\$a台灣
=260  \\$b亞東劇團
=300  \\$a70m.

