=LDR  00000nam a2200000Ia 4500
=008  150128s9999||||xx\||||||||||||||\||und||
=245  \\$a愛的世界
=260  \\$a台灣
=260  \\$b亞東劇團
=300  \\$a110m.

