=LDR  00000nam a2200000Ia 4500
=008  150128s9999||||xx\||||||||||||||\||und||
=100  \\$a蔡蘇娟
=245  \\$a暗室珍藏
=260  \\$a美國
=260  \\$b使者
=300  \\$a130p.

