=LDR  00000nam a2200000Ia 4500
=008  150128s9999||||xx\||||||||||||||\||und||
=100  \\$a"Young, Pearl G."
=245  \\$a我在這裏，請差遣我
=260  \\$a台灣
=260  \\$b錫安堂
=300  \\$a142p.

