=LDR  00000nam a2200000Ia 4500
=008  150128s9999||||xx\||||||||||||||\||und||
=100  \\$a"Levitt, Ken"
=245  \\$a因信綁架
=260  \\$a台灣
=260  \\$b大光
=300  \\$a158p.

