=LDR  00000nam a2200000Ia 4500
=008  150128s9999||||xx\||||||||||||||\||und||
=100  \\$a"Tari, Mel"
=245  \\$a靈風吹來
=260  \\$a台灣
=260  \\$b主日學
=300  \\$a125p.

