=LDR  00000nam a2200000Ia 4500
=008  150128s9999||||xx\||||||||||||||\||und||
=100  \\$a黃清一
=245  \\$a鑰匙兒
=260  \\$a台灣
=260  \\$b校園
=300  \\$a161p.

