=LDR  00000nam a2200000Ia 4500
=008  150128s9999||||xx\||||||||||||||\||und||
=100  \\$a"Walters, Orville S."
=245  \\$a心靈醫學
=260  \\$a台灣
=260  \\$b華神
=300  \\$a141p.

