=LDR  00000nam a2200000Ia 4500
=008  150128s9999||||xx\||||||||||||||\||und||
=100  \\$a"Colson, charles"
=245  \\$a誰為上帝發言！
=260  \\$a台灣
=260  \\$b校園
=300  \\$a126p.

