=LDR  00000nam a2200000Ia 4500
=008  150128s9999||||xx\||||||||||||||\||und||
=100  \\$a"Berntsen, Annie Skau"
=245  \\$a荒原上
=260  \\$a香港
=260  \\$b靈實福音佈道團
=300  \\$a194p.

