=LDR  00000nam a2200000Ia 4500
=008  150128s9999||||xx\||||||||||||||\||und||
=245  \\$a古約翰傳
=260  \\$a台灣
=260  \\$b大光
=300  \\$a193p.

