=LDR  00000nam a2200000Ia 4500
=008  150128s9999||||xx\||||||||||||||\||und||
=100  \\$a"Dinkins,Larry"
=245  \\$a初到貴境
=260  \\$a香港
=260  \\$b海外基督使團
=300  \\$a300p.

