=LDR  00000nam a2200000Ia 4500
=008  150128s9999||||xx\||||||||||||||\||und||
=100  \\$a大光
=245  \\$a如何登上人生的高峰?0
=260  \\$a365p.
=260  \\$b1990

