=LDR  00000nam a2200000Ia 4500
=008  150128s9999||||xx\||||||||||||||\||und||
=100  \\$a"Goforth, Rosalind"
=245  \\$a他必垂聽
=260  \\$a台灣
=260  \\$b主日學
=300  \\$a155p.

