=LDR  00000nam a2200000Ia 4500
=008  150128s9999||||xx\||||||||||||||\||und||
=100  \\$a程文輝
=245  \\$a失明給我的挑戰
=260  \\$a香港
=260  \\$b浸信會
=300  \\$a402

