=LDR  00000nam a2200000Ia 4500
=008  150128s9999||||xx\||||||||||||||\||und||
=100  \\$a張陳微童
=245  \\$a我必不撇下你
=260  \\$a香港
=260  \\$b基道
=300  \\$a126p.

