=LDR  00000nam a2200000Ia 4500
=008  150128s9999||||xx\||||||||||||||\||und||
=100  \\$a"Shearer, John"
=245  \\$a近代教會奮興史
=260  \\$a香港
=260  \\$b宣道
=300  \\$a99p.

