=LDR  00000nam a2200000Ia 4500
=008  150128s9999||||xx\||||||||||||||\||und||
=100  \\$a"Tsai, Christiana"
=245  \\$aQueen of the Dark Chamber
=260  \\$aUSA
=260  \\$bAmbassadors for Christ
=300  \\$a192p.

