=LDR  00000nam a2200000Ia 4500
=008  150128s9999||||xx\||||||||||||||\||und||
=100  \\$a鍾志邦
=245  \\$a中文聖經註釋(29)馬可福音
=260  \\$a香港
=260  \\$b文藝
=300  \\$a311p.

