=LDR  00000nam a2200000Ia 4500
=008  150128s9999||||xx\||||||||||||||\||und||
=100  \\$a張曉風等
=245  \\$a一切的峰頂
=260  \\$a台灣
=260  \\$b校園
=300  \\$a93p.

