=LDR  00000nam a2200000Ia 4500
=008  150128s9999||||xx\||||||||||||||\||und||
=100  \\$a李登輝等
=245  \\$a我的心路歷程
=260  \\$a台灣
=260  \\$b宇宙光
=300  \\$a210p.

