=LDR  00000nam a2200000Ia 4500
=008  150128s9999||||xx\||||||||||||||\||und||
=100  \\$a章陵等
=245  \\$a靈魂的悸動
=260  \\$a台灣
=260  \\$b宇宙光
=300  \\$a269p.

