=LDR  00000nam a2200000Ia 4500
=008  150128s9999||||xx\||||||||||||||\||und||
=100  \\$a"Sheikh, Bilquis etc."
=245  \\$a我敢叫他爸爸
=260  \\$a台灣
=260  \\$b宇宙光
=300  \\$a218p.

