=LDR  00000nam a2200000Ia 4500
=008  150128s9999||||xx\||||||||||||||\||und||
=100  \\$a何守瑛
=245  \\$a我看見了神的作為(續編)
=260  \\$a香港
=260  \\$b中華神學院
=300  \\$a69p.

