=LDR  00000nam a2200000Ia 4500
=008  150128s9999||||xx\||||||||||||||\||und||
=100  \\$a"Qualben, Lars P."
=245  \\$a教會歷史
=260  \\$a香港
=260  \\$b道聲
=300  \\$a568p.

