=LDR  00000nam a2200000Ia 4500
=008  150128s9999||||xx\||||||||||||||\||und||
=100  \\$aLioyd-jones D. Martyn
=245  \\$a婚姻、家庭、工作-靈裏生活
=260  \\$a美國
=260  \\$b活泉
=300  \\$a340p.

