=LDR  00000nam a2200000Ia 4500
=008  150128s9999||||xx\||||||||||||||\||und||
=100  \\$a"Collins, Gary R."
=245  \\$a婚姻問題心理輔導
=260  \\$a台灣
=260  \\$b大光
=300  \\$a216

