=LDR  00000nam a2200000Ia 4500
=008  150128s9999||||xx\||||||||||||||\||und||
=100  \\$a"Barclay, William"
=245  \\$a馬太福音注釋(下)
=260  \\$a香港
=260  \\$b文藝
=300  \\$a414p.

