=LDR  00000nam a2200000Ia 4500
=008  150128s9999||||xx\||||||||||||||\||und||
=100  \\$a"Baxter, Sidlow"
=245  \\$a聖經研究(卷一)-創世記至以斯帖記
=260  \\$a加拿大
=260  \\$b國際種籽出版社
=300  \\$a569p.

