=LDR  00000nam a2200000Ia 4500
=008  150128s9999||||xx\||||||||||||||\||und||
=245  \\$a耶穌傳
=260  \\$a美國
=260  \\$bCampus Crusade for Christ
=300  \\$a120m.

