=LDR  00000nam a2200000Ia 4500
=008  150128s9999||||xx\||||||||||||||\||und||
=245  \4$aThe Amazing Miracles
=260  \\$aUSA
=260  \\$bMultnomah and Brigestone Group
=300  \\$a26m.

