=LDR  00000nam a2200000Ia 4500
=008  150128s9999||||xx\||||||||||||||\||und||
=100  \\$a羅曼華
=245  \\$a堂會的真理性差傳培育(4)
=260  \\$a美國
=260  \\$b大使命中心
=300  \\$a60m.

