=LDR  00000nam a2200000Ia 4500
=008  150128s9999||||xx\||||||||||||||\||und||
=245  \\$a"Wrongfully Blamed""But I Really Didn't do It."""
=260  \\$aUSA
=260  \\$bHSH Educational  Media Co.
=300  \\$a0

