=LDR  00000nam a2200000Ia 4500
=008  150128s9999||||xx\||||||||||||||\||und||
=245  \\$aSafe in His Arms
=260  \\$aUSA
=260  \\$bHSH Educational  Media Co.
=300  \\$a0

