=LDR  00000nam a2200000Ia 4500
=008  150128s9999||||xx\||||||||||||||\||und||
=245  \4$aThe Easter Story
=260  \\$aUSA
=260  \\$bHanna-Barbera
=300  \\$a30m.

