=LDR  00000nam a2200000Ia 4500
=008  150128s9999||||xx\||||||||||||||\||und||
=245  \\$aJesus Helps Us Share God's Love
=260  \\$aUSA
=260  \\$bGospel Light Video
=300  \\$a40m.

