=LDR  00000nam a2200000Ia 4500
=008  150128s9999||||xx\||||||||||||||\||und||
=245  \\$aTahiti:Fire Waters
=260  \\$aUSA
=260  \\$bThe Cousteau Society
=300  \\$a48m.

