=LDR  00000nam a2200000Ia 4500
=008  150128s9999||||xx\||||||||||||||\||und||
=245  \\$aSave the Panda
=260  \\$aUSA
=260  \\$bVestron Video
=300  \\$a60m.

