=LDR  00000nam a2200000Ia 4500
=008  150128s9999||||xx\||||||||||||||\||und||
=100  \\$a容子
=245  \\$a走過外遇風暴(上)
=260  \\$a台灣
=260  \\$b天韻
=300  \\$a30m.

