=LDR  00000nam a2200000Ia 4500
=008  150128s9999||||xx\||||||||||||||\||und||
=245  \\$a寶貝，只要你長大
=260  \\$a台灣
=260  \\$b主日學
=300  \\$a301p.

