=LDR  00000nam a2200000Ia 4500
=008  150128s9999||||xx\||||||||||||||\||und||
=100  \\$a"Swindoll, Charles R."
=245  \\$a親子之間
=260  \\$a台灣
=260  \\$b主日學
=300  \\$a257p.

