=LDR  00000nam a2200000Ia 4500
=008  150128s9999||||xx\||||||||||||||\||und||
=100  \\$a"Kennedy, Nell L."
=245  \\$a美 夢 成 真
=260  \\$a台 灣
=260  \\$b大 光
=300  \\$a276p.

