=LDR  00000nam a2200000Ia 4500
=008  150128s9999||||xx\||||||||||||||\||und||
=100  \\$a王 峙
=245  \\$a千 真 萬 確(神 的 大 能 )
=260  \\$a香 港
=260  \\$b宣 道
=300  \\$a87p.

