=LDR  00000nam a2200000Ia 4500
=008  150128s9999||||xx\||||||||||||||\||und||
=100  \\$a余 達 心 等
=245  \\$a1997 與 教 會 使 命
=260  \\$a香 港
=260  \\$b證 道
=300  \\$a47p.

