=LDR  00000nam a2200000Ia 4500
=008  150128s9999||||xx\||||||||||||||\||und||
=100  \\$a"Bailey, P."
=245  \\$a心 靈 的 導 航
=260  \\$a台 灣
=260  \\$b聖 文 社
=300  \\$a191p.

