=LDR  00000nam a2200000Ia 4500
=008  150128s9999||||xx\||||||||||||||\||und||
=100  \\$a"Tada, Joni Eareckson"
=245  \\$a伸 出 友 誼 的 手 -如 何 幫 助 殘 障 朋 友
=260  \\$a台 灣
=260  \\$b主 日 學
=300  \\$a159p.

