=LDR  00000nam a2200000Ia 4500
=008  150128s9999||||xx\||||||||||||||\||und||
=100  \\$a"Colson, Charles W."
=245  \\$a愛 主 你 的 上 帝
=260  \\$a香 港
=260  \\$b證 主
=300  \\$a303p.

