=LDR  00000nam a2200000Ia 4500
=008  150128s9999||||xx\||||||||||||||\||und||
=100  \\$a何 如
=245  \\$a虹 彩
=260  \\$aUnknown
=260  \\$bunknown
=300  \\$a84p.

