=LDR  00000nam a2200000Ia 4500
=008  150128s9999||||xx\||||||||||||||\||und||
=100  \\$a"Musser, Joe"
=245  \\$a展 翅 上 騰 -麥 道 衛 小 傳
=260  \\$a台 灣
=260  \\$b學 園
=300  \\$a203p.

