=LDR  00000nam a2200000Ia 4500
=008  150128s9999||||xx\||||||||||||||\||und||
=100  \\$a司 馬 中 原 等
=245  \\$a愛 的 故 事 選 集
=260  \\$a台 灣
=260  \\$b宇 宙 光
=300  \\$a236p.

