=LDR  00000nam a2200000Ia 4500
=008  150128s9999||||xx\||||||||||||||\||und||
=100  \\$a"Eareckson, Joni & Estes, Steve"
=245  \\$a玖 妮 的 春 天
=260  \\$a台 灣
=260  \\$b主 日 學
=300  \\$a240p.

