=LDR  00000nam a2200000Ia 4500
=008  150128s9999||||xx\||||||||||||||\||und||
=245  \\$a歷 代 教 會 信 條 精 選
=260  \\$a台 灣
=260  \\$b改 革 宗 翻 譯 社
=300  \\$a260p.

