=LDR  00000nam a2200000Ia 4500
=008  150128s9999||||xx\||||||||||||||\||und||
=100  \\$a"Garrard, Mary N."
=245  \\$a靈 命 深 處 -十 架 使 徒 賓 師 母
=260  \\$a台 灣
=260  \\$b橄 欖
=300  \\$a196p.

