=LDR  00000nam a2200000Ia 4500
=008  150128s9999||||xx\||||||||||||||\||und||
=100  \\$a"White, Jerry & Mary"
=245  \\$a人 到 中 年
=260  \\$a香 港
=260  \\$b浸 信 會
=300  \\$a238p.

