=LDR  00000nam a2200000Ia 4500
=008  150128s9999||||xx\||||||||||||||\||und||
=100  \\$a邱 清 萍 、 馮 文 莊
=245  \\$a諸 天 唱 和
=260  \\$a台 灣
=260  \\$b中 信
=300  \\$a115p.

