=LDR  00000nam a2200000Ia 4500
=008  150128s9999||||xx\||||||||||||||\||und||
=100  \\$a鄭 連 德 等
=245  \\$a關 懷 與 成 長
=260  \\$a台 灣
=260  \\$b三 一
=300  \\$a293p.

