=LDR  00000nam a2200000Ia 4500
=008  150128s9999||||xx\||||||||||||||\||und||
=100  \\$a"Tenny, Merrill C."
=245  \\$a新 約 綜 覽
=260  \\$a香 港
=260  \\$b宣 道
=300  \\$a389p.

