=LDR  00000nam a2200000Ia 4500
=008  150128s9999||||xx\||||||||||||||\||und||
=100  \\$a"Jones, Martyn Lloyd"
=245  \\$a救 恩 的 確 據 (上 )約 翰 福 音 十 七 章 的 信 息
=260  \\$a香 港
=260  \\$b基 道
=300  \\$a266p.

