=LDR  00000nam a2200000Ia 4500
=008  150128s9999||||xx\||||||||||||||\||und||
=100  \\$a"Rose, Darlene Deibler"
=245  \\$a看 不 見 的 守 護 神 -在 錦 標 里 集 中 營
=260  \\$a台 灣
=260  \\$b校 園
=300  \\$a216p.

