=LDR  00000nam a2200000Ia 4500
=008  150128s9999||||xx\||||||||||||||\||und||
=100  \\$a"Berntsen, Annie Skau"
=245  \\$a陝 西 羚 蹤 -司 務 道 自 傳 之 一
=260  \\$a香 港
=260  \\$b靈 實 福 音 佈 道 團
=300  \\$a176p.

