=LDR  00000nam a2200000Ia 4500
=008  150128s9999||||xx\||||||||||||||\||und||
=100  \\$a黃 靜 惠
=245  \\$a被 遺 忘 的 神 蹟
=260  \\$a美 國
=260  \\$b黃 文 嘉
=300  \\$a159p.

