=LDR  00000nam a2200000Ia 4500
=008  150128s9999||||xx\||||||||||||||\||und||
=100  \\$a"Hoekema, Anthony"
=245  \\$a耶 和 華 見 證 人 內 幕
=260  \\$a台 灣
=260  \\$b真 道 之 聲
=300  \\$a317p.

