=LDR  00000nam a2200000Ia 4500
=008  150128s9999||||xx\||||||||||||||\||und||
=100  \\$a陳 終 道
=245  \\$a哥 林 多 前 書
=260  \\$a台 灣
=260  \\$b校 園
=300  \\$a328p.

