=LDR  00000nam a2200000Ia 4500
=008  150128s9999||||xx\||||||||||||||\||und||
=100  \\$a唐 佑 之
=245  \\$a願 你 的 國 降 臨
=260  \\$a香 港
=260  \\$b浸 信 會
=300  \\$a143p.

