=LDR  00000nam a2200000Ia 4500
=008  150128s9999||||xx\||||||||||||||\||und||
=100  \\$a"McGrath, Alister"
=245  \\$a懷 疑-信 心 成 長 的 契 機
=260  \\$a台 灣
=260  \\$b校 園
=300  \\$a150p.

