=LDR  00000nam a2200000Ia 4500
=008  150128s9999||||xx\||||||||||||||\||und||
=100  \\$a吳 明 節
=245  \\$a決 不 可 忽 略 的 嬰 兒 洗 禮
=260  \\$a香 港
=260  \\$b道 聲
=300  \\$a56p.

