=LDR  00000nam a2200000Ia 4500
=008  150128s9999||||xx\||||||||||||||\||und||
=100  \\$a"Turnbull, M. Ryerson"
=245  \\$a創 世 記 自 習 指 導
=260  \\$a台 灣
=260  \\$b主 日 學
=300  \\$a118p.

