=LDR  00000nam a2200000Ia 4500
=008  150128s9999||||xx\||||||||||||||\||und||
=100  \\$a"Hinton, Linnet"
=245  \\$a莫 說 不 能
=260  \\$a香 港
=260  \\$b海 外 基 督 使 團
=300  \\$a349p.

