=LDR  00000nam a2200000Ia 4500
=008  150128s9999||||xx\||||||||||||||\||und||
=245  \\$a聖 詩 史 研 考
=260  \\$a台 灣
=260  \\$b門 徒
=300  \\$a589p.

