=LDR  00000nam a2200000Ia 4500
=008  150128s9999||||xx\||||||||||||||\||und||
=100  \\$a"Lucado, Max"
=245  \\$aFinding Rest in a Stressed-out World
=260  \\$aUSA
=260  \\$bChristian Family  Video
=300  \\$a91m.

