=LDR  00000nam a2200000Ia 4500
=008  150128s9999||||xx\||||||||||||||\||und||
=100  \\$a邱 清 泰 夫 婦
=245  \\$a婚 姻 受 苦 論 (1)婚 姻 無 後 門 有 天 梯 (2)
=260  \\$a美 國
=260  \\$b家 庭 更 新 協 會
=300  \\$a30m.

