=LDR  00000nam a2200000Ia 4500
=008  150128s9999||||xx\||||||||||||||\||und||
=100  \\$a.
=245  \\$aHezekiah & Isaiah
=260  \\$aUSA
=260  \\$bTyndale Family Video
=300  \\$a40m.

