=LDR  00000nam a2200000Ia 4500
=008  150128s9999||||xx\||||||||||||||\||und||
=245  \\$aTiny Tot Pwaise with Arky
=260  \\$aUSA
=260  \\$bKids' Praise! Company
=300  \\$a20m.

