=LDR  00000nam a2200000Ia 4500
=008  150128s9999||||xx\||||||||||||||\||und||
=245  \\$aDestructive David
=260  \\$aUSA
=260  \\$bFamily Films
=300  \\$a25m.

