=LDR  00000nam a2200000Ia 4500
=008  150128s9999||||xx\||||||||||||||\||und||
=100  \\$a渡 邊 信 夫
=245  \\$a只 為 神 的 榮 耀
=260  \\$a台 灣
=260  \\$b教 會 公 報 社
=300  \\$a129p.

