=LDR  00000nam a2200000Ia 4500
=008  150128s9999||||xx\||||||||||||||\||und||
=100  \\$a劉 瑞 賢 等
=245  \\$a三 根 指 頭
=260  \\$a台 灣
=260  \\$b宇 宙 光
=300  \\$a162p.

