=LDR  00000nam a2200000Ia 4500
=008  150128s9999||||xx\||||||||||||||\||und||
=100  \\$a杏 林 子
=245  \\$a喜 樂 年 年
=260  \\$a台 灣
=260  \\$b主 日 學
=300  \\$a124p.

