=LDR  00000nam a2200000Ia 4500
=008  150128s9999||||xx\||||||||||||||\||und||
=100  \\$a"Gordon, Ernest"
=245  \\$a桂 河 畔
=260  \\$a香 港
=260  \\$b鄭 道
=300  \\$a133p.

