=LDR  00000nam a2200000Ia 4500
=008  150128s9999||||xx\||||||||||||||\||und||
=100  \\$a"Johnston, Julia H."
=245  \\$a腳 蹤 佳 美
=260  \\$a香 港
=260  \\$b道 聲
=300  \\$a157p.

