=LDR  00000nam a2200000Ia 4500
=008  150128s9999||||xx\||||||||||||||\||und||
=100  \\$a鍾 思 嘉 等
=245  \\$a敗 部 復 活
=260  \\$a台 灣
=260  \\$b宇 宙 光
=300  \\$a199p.

