=LDR  00000nam a2200000Ia 4500
=008  150128s9999||||xx\||||||||||||||\||und||
=100  \\$a鄭 連 德
=245  \\$a創 造 成 熟 的 婚 姻
=260  \\$a台 灣
=260  \\$b三 一 文 化
=300  \\$a221p.

