=LDR  00000nam a2200000Ia 4500
=008  150128s9999||||xx\||||||||||||||\||und||
=100  \\$a鄭 連 明 等
=245  \\$a開 我 的 眼 睛
=260  \\$a台 灣
=260  \\$b人 光
=300  \\$a193p

