=LDR  00000nam a2200000Ia 4500
=008  150128s9999||||xx\||||||||||||||\||und||
=100  \\$a"Kurien, C.T."
=245  \\$a邁 向 21世 紀 -看 教 會 的 角 色
=260  \\$a台 灣
=260  \\$b陳 錦 文
=300  \\$a127p.

