=LDR  00000nam a2200000Ia 4500
=008  150128s9999||||xx\||||||||||||||\||und||
=100  \\$a何 天 擇 ， 馮 文 莊
=245  \\$a穹 蒼 響 應 -學 者 專 訪 集 (一 )
=260  \\$a台 灣
=260  \\$b中 信
=300  \\$a136p.

