=LDR  00000nam a2200000Ia 4500
=008  150128s9999||||xx\||||||||||||||\||und||
=100  \\$a夏 忠 堅 等
=245  \\$a教 會 之 門 為 誰 開 ？
=260  \\$a香 港
=260  \\$b證 主
=300  \\$a64p.

