=LDR  00000nam a2200000Ia 4500
=008  150128s9999||||xx\||||||||||||||\||und||
=245  \\$a是 非 黑 白 -今 日 基 督 徒 與 倫 理 問 題
=260  \\$a香 港
=260  \\$b天 道
=300  \\$a178p.

