=LDR  00000nam a2200000Ia 4500
=008  150128s9999||||xx\||||||||||||||\||und||
=100  \\$a翁 修 恭 等
=245  \\$a長 執 訓 練 課 本
=260  \\$a台 灣
=260  \\$b台 灣 長 老 會 總 會
=300  \\$a154p.

