=LDR  00000nam a2200000Ia 4500
=008  150128s9999||||xx\||||||||||||||\||und||
=245  \\$a讚 美 詩 歌
=260  \\$a巴 西
=260  \\$b聖 保 羅 基 督 長 老 教 會
=300  \\$a158p.

