=LDR  00000nam a2200000Ia 4500
=008  150128s9999||||xx\||||||||||||||\||und||
=100  \\$a祁 約 翰
=245  \\$a我 的 第 一 本 詩 歌
=260  \\$a台 灣
=260  \\$b道 聲
=300  \\$a105p.

