=LDR  00000nam a2200000Ia 4500
=008  150128s9999||||xx\||||||||||||||\||und||
=245  \\$a世 界 不 配 有 的 人
=260  \\$a台 灣
=260  \\$b主 日 學
=300  \\$a235p.

