=LDR  00000nam a2200000Ia 4500
=008  150128s9999||||xx\||||||||||||||\||und||
=100  \\$a吳 明 節
=245  \\$a信 徒 與 神 學— 聖 經
=260  \\$a香 港
=260  \\$b天 道
=300  \\$a113p.

