=LDR  00000nam a2200000Ia 4500
=008  150128s9999||||xx\||||||||||||||\||und||
=100  \\$a王 藍 田
=245  \\$a撒 種 之 樂
=260  \\$a美 國
=260  \\$b王 藍 田
=300  \\$a76p.

