=LDR  00000nam a2200000Ia 4500
=008  150128s9999||||xx\||||||||||||||\||und||
=100  \\$a"Jensen, Irving L."
=245  \\$a大 光 聖 經 研 究 圖 解
=260  \\$a台 灣
=260  \\$b大 光
=300  \\$a153p.

