=LDR  00000nam a2200000Ia 4500
=008  150128s9999||||xx\||||||||||||||\||und||
=100  \\$a劉 峰 松
=245  \\$a有 服 氣 的 人
=260  \\$a台 灣
=260  \\$b人 光
=300  \\$a115p.

