=LDR  00000nam a2200000Ia 4500
=008  150128s9999||||xx\||||||||||||||\||und||
=100  \\$a陳 南 州
=245  \\$a瞭 解 與 實 踐
=260  \\$a台 灣
=260  \\$b台 灣 長 老 會
=300  \\$a214p.

