=LDR  00000nam a2200000Ia 4500
=008  150128s9999||||xx\||||||||||||||\||und||
=100  \\$a"Green, Michael"
=245  \\$a耶 穌 復 活 十 架
=260  \\$a台 灣
=260  \\$b橄 欖
=300  \\$a247p.

