=LDR  00000nam a2200000Ia 4500
=008  150128s9999||||xx\||||||||||||||\||und||
=100  \\$a"Brauch, Manfred"
=245  \\$a聖 經 難 解 之 言 -保 羅 篇
=260  \\$a台 灣
=260  \\$b校 園
=300  \\$a239p.

