=LDR  00000nam a2200000Ia 4500
=008  150128s9999||||xx\||||||||||||||\||und||
=100  \\$a"Bruce, F.F."
=245  \\$a聖 經 難 解 之 言 -耶 穌 篇
=260  \\$a台 灣
=260  \\$b校 園
=300  \\$a251p.

