=LDR  00000nam a2200000Ia 4500
=008  150128s9999||||xx\||||||||||||||\||und||
=100  \\$a連 邱 美 容
=245  \\$a師 母 地 位 的 探 討
=260  \\$a台 灣
=260  \\$b橄 欖
=300  \\$a202p.

