=LDR  00000nam a2200000Ia 4500
=008  150128s9999||||xx\||||||||||||||\||und||
=100  \\$a邱 清 泰 夫 婦
=245  \\$a你 濃 我 濃 (訓 練 課 程 ， 學 生 本 )
=260  \\$a美 國
=260  \\$b家 庭 更 新 協 會
=300  \\$a59p.

