=LDR  00000nam a2200000Ia 4500
=008  150128s9999||||xx\||||||||||||||\||und||
=100  \\$a"Toliver, Ralph"
=245  \\$a真 金 不 怕 火 煉
=260  \\$a台 灣
=260  \\$b校 園
=300  \\$a336p.

