=LDR  00000nam a2200000Ia 4500
=008  150128s9999||||xx\||||||||||||||\||und||
=100  \\$a焦 源 濂 
=245  \\$a基 督 生 平 (上)

=LDR  00000nam a2200000Ia 4500
=008  150128s9999||||xx\||||||||||||||\||und||

