=LDR  00000nam a2200000Ia 4500
=008  150128s9999||||xx\||||||||||||||\||und||
=100  \\$a"Kempis, Thomas"
=245  \\$a效 法 基 督
=260  \\$a香 港
=260  \\$b晨 星
=300  \\$a230p.

