=LDR  00000nam a2200000Ia 4500
=008  150128s9999||||xx\||||||||||||||\||und||
=100  \\$a周 神 助  等
=245  \\$a基 督 徒 的 金 錢 觀
=260  \\$a台 灣
=260  \\$b新 新 生 命 雜 誌 社
=300  \\$a127p.

