=LDR  00000nam a2200000Ia 4500
=008  150128s9999||||xx\||||||||||||||\||und||
=100  \\$a楊 濬 哲
=245  \\$a嗎 哪
=260  \\$a香 港
=260  \\$b宣 道
=300  \\$a56p.

