=LDR  00000nam a2200000Ia 4500
=008  150128s9999||||xx\||||||||||||||\||und||
=100  \\$a龔 天 民
=245  \\$a答 怫 教 人 士 十 問
=260  \\$a台 灣
=260  \\$b少 年 歸 主
=300  \\$a96p.

