=LDR  00000nam a2200000Ia 4500
=008  150128s9999||||xx\||||||||||||||\||und||
=100  \\$a修 提 卡 爾
=245  \\$a聖 經 真 道 故 事
=260  \\$a台 灣
=260  \\$b人 光
=300  \\$a163p.

