=LDR  00000nam a2200000Ia 4500
=008  150128s9999||||xx\||||||||||||||\||und||
=100  \\$a"Swindoll, Charles R."
=245  \\$a再 遞 塊 磚 來 ！
=260  \\$a台 灣
=260  \\$b主 日 學
=300  \\$a260p.

