=LDR  00000nam a2200000Ia 4500
=008  150128s9999||||xx\||||||||||||||\||und||
=100  \\$a"Adams, Jay E."
=245  \\$a婚 姻 輔 導 學
=260  \\$a台 灣
=260  \\$b大 光
=300  \\$a165p.

