=LDR  00000nam a2200000Ia 4500
=008  150128s9999||||xx\||||||||||||||\||und||
=100  \\$a"Murray, Dndrew"
=245  \\$a慕 安 德 烈 靈 禱 慧 語
=260  \\$a香 港
=260  \\$b證 主
=300  \\$a208p.

