=LDR  00000nam a2200000Ia 4500
=008  150128s9999||||xx\||||||||||||||\||und||
=100  \\$a"Ridenour, Fritz"
=245  \\$a活 出 喜 樂 -從 腓 立 比 書 看 積 極 人 生
=260  \\$a台 灣
=260  \\$b證 主
=300  \\$a167p.

