=LDR  00000nam a2200000Ia 4500
=008  150128s9999||||xx\||||||||||||||\||und||
=100  \\$a鄺 媽 媽
=245  \\$a福 音 的 大 能
=260  \\$a台 灣
=260  \\$b環 球 傳 道 協 會
=300  \\$a88p.

