=LDR  00000nam a2200000Ia 4500
=008  150128s9999||||xx\||||||||||||||\||und||
=100  \\$a"Bright, Bill"
=245  \\$a最 大 的 功 課 (弟 兄 版 )
=260  \\$a台 灣
=260  \\$b學 園
=300  \\$a244p.

