=LDR  00000nam a2200000Ia 4500
=008  150128s9999||||xx\||||||||||||||\||und||
=100  \\$a"Bright, Vonette Zachary"
=245  \\$a最 大 的 功 課 (姐 妹 版)
=260  \\$a台 灣
=260  \\$b學 園
=300  \\$a187p.

