=LDR  00000nam a2200000Ia 4500
=008  150128s9999||||xx\||||||||||||||\||und||
=100  \\$a蘇 慶 輝
=245  \\$a教 會 的 組 織 與 法 規
=260  \\$a台 灣
=260  \\$b台 灣 長 老 會
=300  \\$a42p.

