=LDR  00000nam a2200000Ia 4500
=008  150128s9999||||xx\||||||||||||||\||und||
=100  \\$a台 灣 長 老 會 音 樂 委 員 會
=245  \\$a新 聖 詩 (第 一 集 )
=260  \\$a台 灣
=260  \\$b人 光
=300  \\$a129p.

