=LDR  00000nam a2200000Ia 4500
=008  150128s9999||||xx\||||||||||||||\||und||
=100  \\$a"SP Pulication, Inc."
=245  \\$a教 會 是 什 麼 ？
=260  \\$a美 國 ?50p.
=260  \\$b活 泉

