=LDR  00000nam a2200000Ia 4500
=008  150128s9999||||xx\||||||||||||||\||und||
=100  \\$a林 治 平等
=245  \\$a基 督 教 與 台 灣
=260  \\$a台 灣
=260  \\$b宇 宙 光
=300  \\$a477p.

