=LDR  00000nam a2200000Ia 4500
=008  150128s9999||||xx\||||||||||||||\||und||
=100  \\$a李 順 長
=245  \\$a帥 氣 的 贏 家
=260  \\$a台 灣
=260  \\$b校 園
=300  \\$a177p.

