=LDR  00000nam a2200000Ia 4500
=008  150128s9999||||xx\||||||||||||||\||und||
=100  \\$a唐 崇 榮
=245  \\$a聖 靈 的 引 導
=260  \\$a台 灣
=260  \\$b中 福
=300  \\$a206p.

