=LDR  00000nam a2200000Ia 4500
=008  150128s9999||||xx\||||||||||||||\||und||
=100  \\$a"Christensen, Max L."
=245  \\$a轉 捩 點
=260  \\$a台 灣
=260  \\$b雅 歌
=300  \\$a140p.

