=LDR  00000nam a2200000Ia 4500
=008  150128s9999||||xx\||||||||||||||\||und||
=100  \\$a曾 淑 婉 等
=245  \\$a歡 呼 的 早 晨
=260  \\$a美 國
=260  \\$b台 福
=300  \\$a166p.

