=LDR  00000nam a2200000Ia 4500
=008  150128s9999||||xx\||||||||||||||\||und||
=100  \\$a"Jackel, W.E."
=245  \\$a顛 撲 不 破 的 聖 經
=260  \\$a新 加 坡
=260  \\$b新 馬 基 督 教 聯 合 會
=300  \\$a105p.

