=LDR  00000nam a2200000Ia 4500
=008  150128s9999||||xx\||||||||||||||\||und||
=100  \\$a"Woodward, David B."
=245  \\$a四 海 為 家
=260  \\$a台 灣
=260  \\$b主 日 學
=300  \\$a157p.

