=LDR  00000nam a2200000Ia 4500
=008  150128s9999||||xx\||||||||||||||\||und||
=041  \\$a英 語
=100  \\$a"Thoene, Bodie & Brock"
=245  \4$aThe Twilight of Courage
=260  \\$aNashville
=260  \\$bthomas Nelson
=300  \\$a614

