=LDR  00000nam a2200000Ia 4500
=008  150128s9999||||xx\||||||||||||||\||und||
=100  \\$a"Maxwell, John"
=245  \\$aIt's Just a Thought...But It could change Your Life
=260  \\$a"Tulsa, Oklahoma"
=260  \\$bHonor Books
=300  \\$a157p.

