=LDR  00000nam a2200000Ia 4500
=008  150128s9999||||xx\||||||||||||||\||und||
=100  \\$a"Maxwell, John"
=245  \\$aThink on These Things
=260  \\$aKansas City
=260  \\$bBeacon Hill
=300  \\$a0

