=LDR  00000nam a2200000Ia 4500
=008  150128s9999||||xx\||||||||||||||\||und||
=100  \\$a"Maxwell, John"
=245  \\$aYour Family Time with God
=260  \\$aWheaton Ill.
=260  \\$bTyndale House
=300  \\$a333p.

