=LDR  00000nam a2200000Ia 4500
=008  150128s9999||||xx\||||||||||||||\||und||
=100  \\$a"Maxwell, John"
=245  \4$aThe Winning Attitude
=260  \\$aNashville
=260  \\$bThomas Nelson
=300  \\$a223p.

