=LDR  00000nam a2200000Ia 4500
=008  150128s9999||||xx\||||||||||||||\||und||
=100  \\$a"Maxwell, John C."
=245  \\$aBreak Through Parenting
=260  \\$a"Springs, Colorado"
=260  \\$bFocus on The Family
=300  \\$a203p.

