=LDR  00000nam a2200000Ia 4500
=008  150128s9999||||xx\||||||||||||||\||und||
=100  \\$a"Garborg, Rolf"
=245  \4$aThe Family Blessing
=260  \\$aDallas
=260  \\$bWord
=300  \\$a154p.

