=LDR  00000nam a2200000Ia 4500
=008  150128s9999||||xx\||||||||||||||\||und||
=100  \\$a"Young, Ed"
=245  \\$aAgainst All Odds
=260  \\$aNashville
=260  \\$bThomas Nelson
=300  \\$a204p.

