=LDR  00000nam a2200000Ia 4500
=008  150128s9999||||xx\||||||||||||||\||und||
=041  \\$a英 語
=100  \\$a"Brand, Paul & Yancey, Philip"
=245  \\$a"Pain, the Gift Nobody Wants"
=260  \\$aNew York
=260  \\$bHarperCollins
=300  \\$a331p.

