=LDR  00000nam a2200000Ia 4500
=008  150128s9999||||xx\||||||||||||||\||und||
=041  \\$a英 語
=100  \\$a"Crabb, Larry"
=245  \\$aInside Out
=260  \\$a"Colorado Springs, Colorado"
=260  \\$bNavPress
=300  \\$a223p.

