=LDR  00000nam a2200000Ia 4500
=008  150128s9999||||xx\||||||||||||||\||und||
=041  \\$a英 語
=100  \\$a"Campolo, Tony"
=245  \\$aHow to Rescue The Eaarth Without Worshiping Nature
=260  \\$aNashville
=260  \\$bThomas nelson
=300  \\$a213p.

