=LDR  00000nam a2200000Ia 4500
=008  150128s9999||||xx\||||||||||||||\||und||
=041  \\$a英 語
=100  \\$a"Anderson, Terry"
=245  \\$aDen of Lions
=260  \\$aNew York
=260  \\$bCrown
=300  \\$a346p.

