=LDR  00000nam a2200000Ia 4500
=008  150128s9999||||xx\||||||||||||||\||und||
=041  \\$a英 語
=100  \\$a"Carraway, Mary"
=245  \\$aJill
=260  \\$aMinnnesota
=260  \\$bBethany House
=300  \\$a171p.

