=LDR  00000nam a2200000Ia 4500
=008  150128s9999||||xx\||||||||||||||\||und||
=041  \\$a英 語
=100  \\$a"Morris, Gilbert & Funderburk, Bobby"
=245  \2$aA Silence in Heaven
=260  \\$aDallas
=260  \\$bWord
=300  \\$a216p.

