=LDR  00000nam a2200000Ia 4500
=008  150128s9999||||xx\||||||||||||||\||und||
=041  \\$a英 語
=100  \\$a"Morris, Gilbert & Funderburk, Bobby"
=245  \\$aAll the shining Youngmen
=260  \\$aDallas
=260  \\$bWord
=300  \\$a221p.

