=LDR  00000nam a2200000Ia 4500
=008  150128s9999||||xx\||||||||||||||\||und||
=041  \\$a英 語
=100  \\$a"Ward, Brenda C."
=245  \\$aMy Little Bible Promises
=260  \\$aUSA
=260  \\$bWord
=300  \\$a93p.

