=LDR  00000nam a2200000Ia 4500
=008  150128s9999||||xx\||||||||||||||\||und||
=100  \\$a"Carraway, Mary"
=245  \\$aWendy
=260  \\$aMinnesota
=260  \\$bBethany House
=300  \\$a155p.

