=LDR  00000nam a2200000Ia 4500
=008  150128s9999||||xx\||||||||||||||\||und||
=100  \\$a"Elwood, Roger"
=245  \\$aDisaster Island
=260  \\$aUSA
=260  \\$bWord
=300  \\$a115p.

