=LDR  00000nam a2200000Ia 4500
=008  150128s9999||||xx\||||||||||||||\||und||
=100  \\$a"Fraser, Wynnette"
=245  \\$aInvasion on Mirror Mountain
=260  \\$aUSA
=260  \\$bChariot
=300  \\$a127p.

