=LDR  00000nam a2200000Ia 4500
=008  150128s9999||||xx\||||||||||||||\||und||
=100  \\$a"Kritlow, William"
=245  \4$aThe Deadly Maze
=260  \\$a"Nashville, Tenn"
=260  \\$bThomas Nelson
=300  \\$a164p.

