=LDR  00000nam a2200000Ia 4500
=008  150128s9999||||xx\||||||||||||||\||und||
=041  \\$a英 語
=100  \\$a"Kondracki, Linda & Gundersen, Bev"
=245  \\$a"MY,Body, Divorce, The Occult"
=260  \\$aIL
=260  \\$bDavid C. Cook
=300  \\$a121p.

