=LDR  00000nam a2200000Ia 4500
=008  150128s9999||||xx\||||||||||||||\||und||
=041  \\$a英 語
=100  \\$a"Carlson, Randy"
=245  \4$aThe Cain & Abel Syndrome
=260  \\$aNashville
=260  \\$bThomas Nelson
=300  \\$a232p.

