=LDR  00000nam a2200000Ia 4500
=008  150128s9999||||xx\||||||||||||||\||und||
=041  \\$a台 語
=100  \\$a劉 瑞 賢
=245  \\$a啟 示 錄 信 息(哈 米 吉 多 頓 16:12-21 )
=260  \\$a美 國
=260  \\$b芝 城 福 音 教 會
=300  \\$a90m.

