=LDR  00000nam a2200000Ia 4500
=008  150128s9999||||xx\||||||||||||||\||und||
=041  \\$a英 語
=100  \\$a"Leppard, Lois Gladys"
=245  \\$aMandie and the Midnight Journey
=260  \\$a"Minneapolis, MN"
=260  \\$bBethany House
=300  \\$a159p.

