=LDR  00000nam a2200000Ia 4500
=008  150128s9999||||xx\||||||||||||||\||und||
=041  \\$a英 語
=100  \\$a"Dowley, Tim"
=245  \\$aLet my People Go
=260  \\$a"Chicago, IL"
=260  \\$bModdy
=300  \\$a0

