=LDR  00000nam a2200000Ia 4500
=008  150128s9999||||xx\||||||||||||||\||und||
=041  \\$a英 語
=100  \\$a"Barclift, Stephen T."
=245  \4$aThe Beginner's Devotional
=260  \\$a"Sister, OR."
=260  \\$bQuestar
=300  \\$a376p.

