=LDR  00000nam a2200000Ia 4500
=008  150128s9999||||xx\||||||||||||||\||und||
=041  \\$a英 語
=100  \\$aThomas Nelson Pubilsher
=245  \\$aStories From the Bible
=260  \\$a"Nashvill,"
=260  \\$b"Thomas Nelson , TN"
=300  \\$a205p.

