=LDR  00000nam a2200000Ia 4500
=008  150128s9999||||xx\||||||||||||||\||und||
=100  \\$a"Sanders, J.Oswald"
=245  \\$a神 的 門 生
=260  \\$a台北
=260  \\$b福 音 證 主
=300  \\$a253p.

