=LDR  00000nam a2200000Ia 4500
=008  150128s9999||||xx\||||||||||||||\||und||
=041  \\$a國 語
=245  \\$a如 果 還 有 明 天
=260  \\$a台灣
=260  \\$b浸 傳

