=LDR  00000nam a2200000Ia 4500
=008  150128s9999||||xx\||||||||||||||\||und||
=041  \\$a國 語
=100  \\$a陳 姳 慧
=245  \\$a生 命 交 響 曲
=260  \\$a台灣
=260  \\$b浸 傳

