=LDR  00000nam a2200000Ia 4500
=008  150128s9999||||xx\||||||||||||||\||und||
=041  \\$a國 語
=245  \\$a心 裏 的 那 扇 窗
=260  \\$a台灣
=260  \\$b天 韻
=300  \\$a75m.

