=LDR  00000nam a2200000Ia 4500
=008  150128s9999||||xx\||||||||||||||\||und||
=041  \\$a國 語
=245  \\$a超 級 主 日 學
=260  \\$a台灣
=260  \\$b浸 傳

