=LDR  00000nam a2200000Ia 4500
=008  150128s9999||||xx\||||||||||||||\||und||
=100  \\$a"Sanders, J.Oswald"
=245  \\$a屬 靈 門 徒
=260  \\$a香 港
=260  \\$b證 主
=300  \\$a211p.

