=LDR  00000nam a2200000Ia 4500
=008  150128s9999||||xx\||||||||||||||\||und||
=100  \\$a陳 紫 蘭
=245  \\$a我 愛 猶 太 人
=260  \\$a香 港
=260  \\$b宣 道
=300  \\$a173p.

