=LDR  00000nam a2200000Ia 4500
=008  150128s9999||||xx\||||||||||||||\||und||
=041  \\$a國 語
=100  \\$a"Wright, H.Norman"
=245  \\$a親 親 孩 子 話
=260  \\$a香 港
=260  \\$b亞 洲 歸 主 協 會
=300  \\$a247p.

