=LDR  00000nam a2200000Ia 4500
=008  150128s9999||||xx\||||||||||||||\||und||
=041  \\$a國 語
=100  \\$a楊 王 惠 真
=245  \\$a那 些 日 子
=260  \\$a台 灣
=260  \\$b永 望
=300  \\$a129p.

