=LDR  00000nam a2200000Ia 4500
=008  150128s9999||||xx\||||||||||||||\||und||
=041  \\$a國 語
=100  \\$a"Wood,Fred M."
=245  \\$a聖 經 鳥 瞰
=260  \\$a香 港
=260  \\$b浸 信 會
=300  \\$a126p.

