=LDR  00000nam a2200000Ia 4500
=008  150128s9999||||xx\||||||||||||||\||und||
=041  \\$a國 語
=100  \\$a"Sala, Harold J."
=245  \\$a望 子 成 龍
=260  \\$a台 灣
=260  \\$b主 日 學
=300  \\$a167p.

