=LDR  00000nam a2200000Ia 4500
=008  150128s9999||||xx\||||||||||||||\||und||
=041  \\$a國 語
=100  \\$a史 祁 聲
=245  \\$a先 知 書 的 作 者
=260  \\$a香 港
=260  \\$b宣 道
=300  \\$a113p.

