=LDR  00000nam a2200000Ia 4500
=008  150128s9999||||xx\||||||||||||||\||und||
=041  \\$a國 語
=100  \\$a李 順 長
=245  \\$a鶼 蝶 情 深
=260  \\$a台 灣
=260  \\$b校 園
=300  \\$a32p.

