=LDR  00000nam a2200000Ia 4500
=008  150128s9999||||xx\||||||||||||||\||und||
=041  \\$a英 語
=100  \\$a"Jackson, Dave & Neta"
=245  \4$aThe Bandit of Ashley Downs
=260  \\$a"Minneapolis, MN"
=260  \\$bBethany House
=300  \\$a136p.

