=LDR  00000nam a2200000Ia 4500
=008  150128s9999||||xx\||||||||||||||\||und||
=041  \\$a英 語
=100  \\$a"Parrish, Archie & John"
=245  \\$aBest Friend
=260  \\$a"Waco, Texas"
=260  \\$bWord Books
=300  \\$a160p.

