=LDR  00000nam a2200000Ia 4500
=008  150128s9999||||xx\||||||||||||||\||und||
=041  \\$a英 語
=100  \\$a"Thomas, Mack"
=245  \\$aWhat Would Jesus Do?
=260  \\$a"Sisters, Oregon"
=260  \\$bQuestar
=300  \\$a253p.

