=LDR  00000nam a2200000Ia 4500
=008  150128s9999||||xx\||||||||||||||\||und||
=041  \\$a英 語
=100  \\$a"Bieber, Connie"
=245  \4$aThe Lord is My Shepherd
=260  \\$a"Elgin, Illinois"
=260  \\$bChariot Books   David C. cook
=300  \\$a0

