=LDR  00000nam a2200000Ia 4500
=008  150128s9999||||xx\||||||||||||||\||und||
=041  \\$a台 語
=100  \\$a劉 瑞 賢
=245  \\$a不 要 憂 慮
=260  \\$a"Gaithersburg, MD"
=260  \\$bGospel Tape Ministry
=300  \\$a60m.

