=LDR  00000nam a2200000Ia 4500
=008  150128s9999||||xx\||||||||||||||\||und||
=041  \\$a台 語
=100  \\$a劉 瑞 賢
=245  \\$a無 知 的 財 主 / 四 樣 聰 明 的 小 動 物
=260  \\$a"Gaithersburg, MD"
=260  \\$bGospel Tape Ministry
=300  \\$a60m.

