=LDR  00000nam a2200000Ia 4500
=008  150128s9999||||xx\||||||||||||||\||und||
=041  \\$a國 語
=100  \\$a劉 瑞 賢
=245  \\$a你 還 缺 少 一 件 /豐 滿 的 生 命
=260  \\$a"Gaithersburg, MD"
=260  \\$bGospel Tape Ministry
=300  \\$a60m.

