=LDR  00000nam a2200000Ia 4500
=008  150128s9999||||xx\||||||||||||||\||und||
=041  \\$a國 語
=100  \\$a孫 越
=245  \\$a我 要 穿 很 多 的 「 名 牌 」 /誰 當 國 王
=260  \\$a台 灣
=260  \\$b宇 宙 光
=300  \\$a0

