=LDR  00000nam a2200000Ia 4500
=008  150128s9999||||xx\||||||||||||||\||und||
=041  \\$a國 語
=100  \\$a孫 越
=245  \\$a我 享 受 彈 鋼 琴 /老 鼠 ！ 獅 子 ！ 獵 人
=260  \\$a台 灣
=260  \\$b宇 宙 光
=300  \\$a0

