=LDR  00000nam a2200000Ia 4500
=008  150128s9999||||xx\||||||||||||||\||und||
=041  \\$a國 語
=100  \\$a孫 越
=245  \\$a烏 鴉 與 燕 子 /會 說 話 的 手 錶
=260  \\$a台 灣
=260  \\$b宇 宙 光
=300  \\$a0

