=LDR  00000nam a2200000Ia 4500
=008  150128s9999||||xx\||||||||||||||\||und||
=041  \\$a國 語
=100  \\$a孫 越
=245  \\$a不 會 SAY NO 的 大 白/馬 婆 婆 要 交 朋 友
=260  \\$a台 灣
=260  \\$b宇 宙 光
=300  \\$a0

