=LDR  00000nam a2200000Ia 4500
=008  150128s9999||||xx\||||||||||||||\||und||
=041  \\$a國 語
=100  \\$a孫 越
=245  \\$a狗 耳 朵 與 豬 嘴 巴 /後 悔 還 來 得 及
=260  \\$a台 灣
=260  \\$b宇 宙 光
=300  \\$a0

