=LDR  00000nam a2200000Ia 4500
=008  150128s9999||||xx\||||||||||||||\||und||
=041  \\$a國 語
=100  \\$a孫 越
=245  \\$a我 本 來 就 不 想 說 謊 /作 在 最 小 的 身 上
=260  \\$a台 灣
=260  \\$b宇 宙 光
=300  \\$a0

