=LDR  00000nam a2200000Ia 4500
=008  150128s9999||||xx\||||||||||||||\||und||
=041  \\$a國 語
=100  \\$a孫 越
=245  \\$a生 命 金 線 /金 銀 斧 頭
=260  \\$a台 灣
=260  \\$b宇 宙 光
=300  \\$a0

