=LDR  00000nam a2200000Ia 4500
=008  150128s9999||||xx\||||||||||||||\||und||
=041  \\$a國 語
=100  \\$a孫 越
=245  \\$a請！ 謝 謝！ 對 不 起  /跟 花 談 話 的 園 丁
=260  \\$a台 灣
=260  \\$b宇 宙 光
=300  \\$a0

