=LDR  00000nam a2200000Ia 4500
=008  150128s9999||||xx\||||||||||||||\||und||
=041  \\$a國 語
=100  \\$a孫 越/黃 迺 毓
=245  \\$a孫 越 大 朋 友 的 貼 心 話 /黃 迺 毓 給 大 朋 友 的 貼 心 話
=260  \\$a台 灣
=260  \\$b宇 宙 光
=300  \\$a0

