=LDR  00000nam a2200000Ia 4500
=008  150128s9999||||xx\||||||||||||||\||und||
=041  \\$a國 語
=100  \\$a曾 霖 芳
=245  \\$a活 在 主 裏
=260  \\$a"Gaithersburg, MD"
=260  \\$bGospel Tape Ministry
=300  \\$a0

