=LDR  00000nam a2200000Ia 4500
=008  150128s9999||||xx\||||||||||||||\||und||
=041  \\$a國 語
=100  \\$a沈 保 羅
=245  \\$a尋 求 主 的 旨 意
=260  \\$aUnknown
=260  \\$bUnknown
=300  \\$a90m.

