=LDR  00000nam a2200000Ia 4500
=008  150128s9999||||xx\||||||||||||||\||und||
=041  \\$a國 語
=100  \\$a林 道 亮
=245  \\$a國 度 與 操 練 (八)
=260  \\$aUnknown
=260  \\$bUnknown
=300  \\$a90m.

