=LDR  00000nam a2200000Ia 4500
=008  150128s9999||||xx\||||||||||||||\||und||
=041  \\$a國 語
=100  \\$a焦 源 濂
=245  \\$a事 奉 與 生 活 (1/2)
=260  \\$a"Gaitherburg, MD"
=260  \\$bGospel Tape Ministry
=300  \\$a0

