=LDR  00000nam a2200000Ia 4500
=008  150128s9999||||xx\||||||||||||||\||und||
=041  \\$a國 語
=100  \\$a周 淑 慧
=245  \\$a今 日 家 庭 結 構 的 探 討
=260  \\$a"LA,CA"
=260  \\$b柑 縣 福 音 教 會
=300  \\$a0

