=LDR  00000nam a2200000Ia 4500
=008  150128s9999||||xx\||||||||||||||\||und||
=041  \\$a國 語
=100  \\$a邱 清 泰
=245  \\$a平 信 徒 輔 導 訓 練 (2/6)
=260  \\$a"Gaitherburg,MD"
=260  \\$bGospel Tape Mininstry
=300  \\$a0

