=LDR  00000nam a2200000Ia 4500
=008  150128s9999||||xx\||||||||||||||\||und||
=041  \\$a國 語
=100  \\$a鄭 國 治
=245  \\$a孝 道 與 拜 祖 宗 之 別
=260  \\$a"Patton,CA"
=260  \\$b國 際 學 園 傳 道 會 華 人 事 工 部
=300  \\$a0

