=LDR  00000nam a2200000Ia 4500
=008  150128s9999||||xx\||||||||||||||\||und||
=100  \\$a國 際 學 園 傳 道 會 華 人 事 工 部
=245  \\$a鬼 ！趕 鬼 ！ ?15
=260  \\$a0
=260  \\$b1990

