=LDR  00000nam a2200000Ia 4500
=008  150128s9999||||xx\||||||||||||||\||und||
=041  \\$a國 語
=100  \\$a滕 近 輝
=245  \\$a基 督 徒 生 命 的 十 大 關 鍵(4)
=260  \\$a"Monroeville,PA"
=260  \\$bGospel Tape Ministry
=300  \\$a0

