=LDR  00000nam a2200000Ia 4500
=008  150128s9999||||xx\||||||||||||||\||und||
=041  \\$a國 語
=100  \\$a韓 偉
=245  \\$a信 仰 的 憑 據
=260  \\$a"Gaithersburg,MD"
=260  \\$bGospel Tape Ministry
=300  \\$a0

