=LDR  00000nam a2200000Ia 4500
=008  150128s9999||||xx\||||||||||||||\||und||
=041  \\$a國 語
=100  \\$a韓 偉
=245  \\$a科 學 與 基 督 教 信 仰(2/4)
=260  \\$a"Gaithersburg,MD"
=260  \\$bGospel Tape Ministry
=300  \\$a0

