=LDR  00000nam a2200000Ia 4500
=008  150128s9999||||xx\||||||||||||||\||und||
=041  \\$a國 語
=100  \\$a沈 保 羅
=245  \\$a稱 義 之 後 的 靈 程 (2)
=260  \\$a"Pittsburgh, PA"
=260  \\$bGospel Tape Ministry
=300  \\$a0

