=LDR  00000nam a2200000Ia 4500
=008  150128s9999||||xx\||||||||||||||\||und||
=041  \\$a國 語
=245  \\$a好 消 息
=260  \\$a台 灣
=260  \\$b天 韻
=300  \\$a0

