=LDR  00000nam a2200000Ia 4500
=008  150128s9999||||xx\||||||||||||||\||und||
=041  \\$a台 語
=100  \\$a敏 熙
=245  \\$a敏 熙 的 歌
=260  \\$a台 灣
=260  \\$b聖 樂 俱 樂 部
=300  \\$a0

