=LDR  00000nam a2200000Ia 4500
=008  150128s9999||||xx\||||||||||||||\||und||
=041  \\$a台 語
=100  \\$a王 明 約 等
=245  \\$a不 了 情 (上)
=260  \\$a"LA,CA"
=260  \\$b台 福
=300  \\$a0

