=LDR  00000nam a2200000Ia 4500
=008  150128s9999||||xx\||||||||||||||\||und||
=041  \\$a台 語
=100  \\$a李 席 舟 等
=245  \\$a望 春 風(下)
=260  \\$a"LA,CA"
=260  \\$b台 福
=300  \\$a0

