=LDR  00000nam a2200000Ia 4500
=008  150128s9999||||xx\||||||||||||||\||und||
=041  \\$a台 語
=100  \\$a吳 倉 仁 等
=245  \\$a四 季 謠 (下)
=260  \\$a"LA,CA"
=260  \\$b台 福
=300  \\$a0

