=LDR  00000nam a2200000Ia 4500
=008  150128s9999||||xx\||||||||||||||\||und||
=041  \\$a英 語
=100  \\$a"Wright, H.Norman"
=245  \\$aHe Said/She Said
=260  \\$a"Dallas, TX"
=260  \\$bPriority One Publishing
=300  \\$a30m.

