=LDR  00000nam a2200000Ia 4500
=008  150128s9999||||xx\||||||||||||||\||und||
=041  \\$a國 語
=100  \\$a何 廣 明
=245  \\$a讀 經 樂 (2/3)
=260  \\$a"Gaithersburg,MD"
=260  \\$bGospel Tape Ministry
=300  \\$a0

