=LDR  00000nam a2200000Ia 4500
=008  150128s9999||||xx\||||||||||||||\||und||
=041  \\$a國 語
=100  \\$a徐 華
=245  \\$a虛 空 的 人 生  (1/2)
=260  \\$a"Gaithersburg,MD"
=260  \\$bGospel Tape Ministry
=300  \\$a0

