=LDR  00000nam a2200000Ia 4500
=008  150128s9999||||xx\||||||||||||||\||und||
=041  \\$a國 語
=245  \\$a我 的 心 啊 ！ 你 當 讚 美
=260  \\$a台 灣
=260  \\$b主 臨 萬 邦
=300  \\$a45m.

