=LDR  00000nam a2200000Ia 4500
=008  150128s9999||||xx\||||||||||||||\||und||
=041  \\$a國 語
=245  \\$a基 督 是 我 家 之 主
=260  \\$a台 灣
=260  \\$b主 臨 萬 邦
=300  \\$a45m.

