=LDR  00000nam a2200000Ia 4500
=008  150128s9999||||xx\||||||||||||||\||und||
=041  \\$a國 語
=100  \\$a陳 國 安
=245  \\$a教 會 行 政 與 增 長 (一)
=260  \\$a美 國 紐 約
=260  \\$b紐 約 退 修 會
=300  \\$a0

