=LDR  00000nam a2200000Ia 4500
=008  150128s9999||||xx\||||||||||||||\||und||
=041  \\$a國 語
=100  \\$a陳 姳 慧
=245  \\$a從 流 淚 谷 到 喜 樂 泉 (一)
=260  \\$a美 國 洛 杉 磯
=260  \\$b台 福
=300  \\$a0

