=LDR  00000nam a2200000Ia 4500
=008  150128s9999||||xx\||||||||||||||\||und||
=041  \\$a台 語
=100  \\$a陳 姳 慧
=245  \\$a算 命 與 風 水
=260  \\$a美 國 洛 杉 磯
=260  \\$b台 福
=300  \\$a0

