=LDR  00000nam a2200000Ia 4500
=008  150128s9999||||xx\||||||||||||||\||und||
=041  \\$a國 語
=100  \\$a黃 子 嘉
=245  \\$a新 約 神 學 (2)
=260  \\$a美 國 NJ
=260  \\$b若 歌 華 人 教 會
=300  \\$a90m.

