=LDR  00000nam a2200000Ia 4500
=008  150128s9999||||xx\||||||||||||||\||und||
=041  \\$a國 語
=100  \\$a簡 春 安
=245  \\$a婚 姻 與 家 庭(2)
=260  \\$a"Gaitherburg,MA"
=260  \\$bGospel Tape Ministry
=300  \\$a90m.

