=LDR  00000nam a2200000Ia 4500
=008  150128s9999||||xx\||||||||||||||\||und||
=041  \\$a國 語
=100  \\$a周 淑 慧
=245  \\$a師 母 輔 導 學 (6)
=260  \\$a台 灣
=260  \\$b中 國 福 音 會
=300  \\$a0

