=LDR  00000nam a2200000Ia 4500
=008  150128s9999||||xx\||||||||||||||\||und||
=041  \\$a國 語
=100  \\$a查 時 傑
=245  \\$a中 國 式 的 信 仰
=260  \\$a"Gaithersbug, MD"
=260  \\$bGospel Tape Ministry
=300  \\$a90m.

