=LDR  00000nam a2200000Ia 4500
=008  150128s9999||||xx\||||||||||||||\||und||
=041  \\$a國 語
=100  \\$a陳 終 道
=245  \\$a聖 經 的 一 貫 性
=260  \\$a"Gaithersburg, MD"
=260  \\$bGospel Tape Ministry
=300  \\$a90m.

