=LDR  00000nam a2200000Ia 4500
=008  150128s9999||||xx\||||||||||||||\||und||
=041  \\$a國 語
=100  \\$a黃子嘉
=245  \\$a新約神學下(3)
=260  \\$a美國紐澤西
=260  \\$b若歌教會
=300  \\$a90m.

