=LDR  00000nam a2200000Ia 4500
=008  150128s9999||||xx\||||||||||||||\||und||
=041  \\$a國 語
=100  \\$a余德林
=245  \\$a約翰壹書2:18-23
=260  \\$a台灣
=260  \\$b台灣
=300  \\$a90

