=LDR  00000nam a2200000Ia 4500
=008  150128s9999||||xx\||||||||||||||\||und||
=041  \\$a國 語
=100  \\$a葉高芳
=245  \\$a輔導的技巧
=260  \\$a"Gaitherburg,MD"
=260  \\$bGospel Tape Ministry
=300  \\$a90M.

