=LDR  00000nam a2200000Ia 4500
=008  150128s9999||||xx\||||||||||||||\||und||
=041  \\$a國 語
=100  \\$a莊祖鯤
=245  \\$a科學、社會與信仰(2)
=260  \\$a"Gaitherburg,MD"
=260  \\$bGospel Tape Ministry
=300  \\$a90m.

