=LDR  00000nam a2200000Ia 4500
=008  150128s9999||||xx\||||||||||||||\||und||
=041  \\$a台 語
=100  \\$a劉銘侮
=245  \\$a只有一事不可做
=260  \\$a巴西
=260  \\$b聖保羅教會
=300  \\$a90m.

