=LDR  00000nam a2200000Ia 4500
=008  150128s9999||||xx\||||||||||||||\||und||
=041  \\$a國 語
=100  \\$a李前明
=245  \\$a氣功與我(1)
=260  \\$a美國
=260  \\$b美國
=300  \\$a90m.

