=LDR  00000nam a2200000Ia 4500
=008  150128s9999||||xx\||||||||||||||\||und||
=041  \\$a國 語
=100  \\$a唐崇榮
=245  \\$a基督徒生活的動力(2)
=260  \\$a"Gaitherburg,MD"
=260  \\$bGospel Tape Ministry
=300  \\$a"90m,"

