=LDR  00000nam a2200000Ia 4500
=008  150128s9999||||xx\||||||||||||||\||und||
=041  \\$a國 語
=100  \\$a余繼斌
=245  \\$a聖經的孝道觀
=260  \\$a"Gaitherburg,MD"
=260  \\$bGospel Tape Ministry
=300  \\$a90m.

