=LDR  00000nam a2200000Ia 4500
=008  150128s9999||||xx\||||||||||||||\||und||
=041  \\$a國 語
=100  \\$a唐崇榮
=245  \\$a基督論(6)
=260  \\$aUnknown
=260  \\$bUnknown
=300  \\$a"90m,"

