=LDR  00000nam a2200000Ia 4500
=008  150128s9999||||xx\||||||||||||||\||und||
=041  \\$a國 語
=100  \\$a唐崇榮
=245  \\$a原來如此
=260  \\$a台灣
=260  \\$b校園
=300  \\$a"90m,"

