=LDR  00000nam a2200000Ia 4500
=008  150128s9999||||xx\||||||||||||||\||und||
=041  \\$a台 語
=100  \\$a唐崇榮
=245  \\$a人的歸處
=260  \\$a美國
=260  \\$b台福
=300  \\$a"90m,"

