=LDR  00000nam a2200000Ia 4500
=008  150128s9999||||xx\||||||||||||||\||und||
=041  \\$a台 語
=100  \\$a蔡 茂 堂
=245  \\$a個 人 更 新
=260  \\$a美國
=260  \\$b新 城
=300  \\$a0

