=LDR  00000nam a2200000Ia 4500
=008  150128s9999||||xx\||||||||||||||\||und||
=041  \\$a英 語
=100  \\$a"Graham,Ruth Bell"
=245  \\$aProdigals and Those who Love Them
=260  \\$a"Colorado Springs, CO"
=260  \\$bFocus on the Family
=300  \\$a158p.

