=LDR  00000nam a2200000Ia 4500
=008  150128s9999||||xx\||||||||||||||\||und||
=041  \\$a英 語
=100  \\$a"Benton, John"
=245  \\$aDo You Know Where Your Children Are?
=260  \\$a"Old Tappan, New Jersey"
=260  \\$bthe Fleming H. Revell Co.
=300  \\$a189p.

