=LDR  00000nam a2200000Ia 4500
=008  150128s9999||||xx\||||||||||||||\||und||
=041  \\$a英 語
=100  \\$a"Kern, Mary Margaret"
=245  \\$aBe a Better Parent
=260  \\$a"Philadelphia, PA"
=260  \\$bThe  Westmister Press
=300  \\$a160p.

