=LDR  00000nam a2200000Ia 4500
=008  150128s9999||||xx\||||||||||||||\||und||
=041  \\$a英 語
=100  \\$a"LaHaye, Tim"
=245  \4$aThe Battle for Family
=260  \\$a"Old Tappan, New Jersey"
=260  \\$bFleming H. Revell Co.
=300  \\$a249p.

