=LDR  00000nam a2200000Ia 4500
=008  150128s9999||||xx\||||||||||||||\||und||
=041  \\$a英 語
=100  \\$a"Warren, paul & Minirth Frank"
=245  \\$aThings that go Bump in the Night
=260  \\$a"Nashville, TN"
=260  \\$bThomas Nelson Publishers
=300  \\$a284p.

