=LDR  00000nam a2200000Ia 4500
=008  150128s9999||||xx\||||||||||||||\||und||
=041  \\$a英 語
=100  \\$aGaither Gloria
=245  \\$aWhat My Parents Did Right
=260  \\$a"Nashville, TN"
=260  \\$bStar Song
=300  \\$a263p.

