=LDR  00000nam a2200000Ia 4500
=008  150128s9999||||xx\||||||||||||||\||und||
=041  \\$a英 語
=100  \\$a"Smalley, Gary"
=245  \4$aThe Key to Your Child's Heart
=260  \\$aDallas TX
=260  \\$bWord
=300  \\$a176p.

