=LDR  00000nam a2200000Ia 4500
=008  150128s9999||||xx\||||||||||||||\||und||
=041  \\$a英 語
=100  \\$a"Temple, Todd"
=245  \\$a52 Simple Ways to Teach Your Child  about God
=260  \\$aNashville TN
=260  \\$bOliver-Nelson
=300  \\$a144p.

