=LDR  00000nam a2200000Ia 4500
=008  150128s9999||||xx\||||||||||||||\||und||
=041  \\$a英 語
=100  \\$a"Bennett, Rita"
=245  \\$aI'm Glad You Asked That...
=260  \\$a"Old Tappam, NJ"
=260  \\$bFleming H. Revell Co.
=300  \\$a167p.

