=LDR  00000nam a2200000Ia 4500
=008  150128s9999||||xx\||||||||||||||\||und||
=041  \\$a英 語
=100  \\$a"Merril, Dean & Grace"
=245  \\$aTogether at Home
=260  \\$a"Colorado Springs, CO"
=260  \\$bFocus on the  Family
=300  \\$a186p.

