=LDR  00000nam a2200000Ia 4500
=008  150128s9999||||xx\||||||||||||||\||und||
=041  \\$a英 語
=100  \\$a"Wright, H.Norman"
=245  \\$aHelping Your Kids Handle Stress
=260  \\$aSan Bernardino CA
=260  \\$bHere's life
=300  \\$a124p.

