=LDR  00000nam a2200000Ia 4500
=008  150128s9999||||xx\||||||||||||||\||und||
=041  \\$a英 語
=100  \\$a"Taylor, Kenneth N."
=245  \\$aAlmost Twelve
=260  \\$aWheaton IL
=260  \\$bTyndale
=300  \\$a64p.

