=LDR  00000nam a2200000Ia 4500
=008  150128s9999||||xx\||||||||||||||\||und||
=041  \\$a英 語
=100  \\$a"Dobson, James C."
=245  \\$aDare to Discipline
=260  \\$aWhteaton IL
=260  \\$bTyndale
=300  \\$a198p.

