=LDR  00000nam a2200000Ia 4500
=008  150128s9999||||xx\||||||||||||||\||und||
=041  \\$a英 語
=100  \\$a"Rainey, Dennis & Barbara"
=245  \\$aBuilding Your Mate's Self-Esteem
=260  \\$a"San Bernardino, CA"
=260  \\$bHere's Life
=300  \\$a254p.

