=LDR  00000nam a2200000Ia 4500
=008  150128s9999||||xx\||||||||||||||\||und||
=041  \\$a英 語
=100  \\$a"Kimmel, Tim"
=245  \\$aLittle House on the Freeway
=260  \\$a"Portland, Oregon"
=260  \\$bMultnomah Press
=300  \\$a223p.

