=LDR  00000nam a2200000Ia 4500
=008  150128s9999||||xx\||||||||||||||\||und||
=041  \\$a英 語
=100  \\$a"Saffen, Wayne"
=245  \\$aYouth Today
=260  \\$a"Philadelphia, PA"
=260  \\$bFortress Press
=300  \\$a156p.

