=LDR  00000nam a2200000Ia 4500
=008  150128s9999||||xx\||||||||||||||\||und||
=041  \\$a英 語
=100  \\$a"Laurent, Robert"
=245  \\$aBringing Your Teen Back to God
=260  \\$a"Elgin, IL"
=260  \\$bLifeJourney Books
=300  \\$a176p.

