=LDR  00000nam a2200000Ia 4500
=008  150128s9999||||xx\||||||||||||||\||und||
=041  \\$a英 語
=100  \\$a"Davis, Ken"
=245  \\$aHow to live with Your Parents Without losing Your Mind!
=260  \\$a"Grand Rapids, MI"
=260  \\$bZondervan Pubilshing House
=300  \\$a160p.

