=LDR  00000nam a2200000Ia 4500
=008  150128s9999||||xx\||||||||||||||\||und||
=041  \\$a英 語
=100  \\$a"Wright, H. Norman"
=245  \\$aAlways Daddy's Girl
=260  \\$a"Ventura, CA"
=260  \\$bRegal Books
=300  \\$a283p.

