=LDR  00000nam a2200000Ia 4500
=008  150128s9999||||xx\||||||||||||||\||und||
=041  \\$a英 語
=100  \\$a"Rice, Max & Vivian"
=245  \\$aWhen Can I Say I Love You?
=260  \\$a"Chiacgo, IL"
=260  \\$bMoody Press
=300  \\$a91p.

