=LDR  00000nam a2200000Ia 4500
=008  150128s9999||||xx\||||||||||||||\||und||
=041  \\$a英 語
=100  \\$a"Ironside, H. A."
=245  \\$aFull Assurance-How to know You're Saved
=260  \\$a"Chicago, IL"
=260  \\$bMoody  Press
=300  \\$a128p.

