=LDR  00000nam a2200000Ia 4500
=008  150128s9999||||xx\||||||||||||||\||und||
=041  \\$a英 語
=100  \\$aBrown Allen W.
=245  \4$aThe Inner Fire
=260  \\$a"Waco, TX"
=260  \\$bWord Books
=300  \\$a101p.

