=LDR  00000nam a2200000Ia 4500
=008  150128s9999||||xx\||||||||||||||\||und||
=041  \\$a英 語
=100  \\$a"Shedd, Charlie W."
=245  \\$a"Remember, I Love You"
=260  \\$a"San Francisco,CA"
=260  \\$bHarper Collins
=300  \\$a169p.

