=LDR  00000nam a2200000Ia 4500
=008  150128s9999||||xx\||||||||||||||\||und||
=041  \\$a英 語
=100  \\$a"Tirabassi, Becky"
=245  \\$aPrayer Change Your Life
=260  \\$a"Nahsville, TN"
=260  \\$bThomas Nelson Publishers
=300  \\$a185p.

