=LDR  00000nam a2200000Ia 4500
=008  150128s9999||||xx\||||||||||||||\||und||
=041  \\$a英 語
=100  \\$a"Keller, W. Phillip"
=245  \2$aA Layman Looks at the Lord's Prayer
=260  \\$a"Chicago, IL"
=260  \\$bMoody  Press
=300  \\$a155p.

