=LDR  00000nam a2200000Ia 4500
=008  150128s9999||||xx\||||||||||||||\||und||
=041  \\$a國 語
=100  \\$aBoone Pat
=245  \\$aPray to Win
=260  \\$a"New York, NY"
=260  \\$bG.P. Putnam's Son
=300  \\$a183p.

