=LDR  00000nam a2200000Ia 4500
=008  150128s9999||||xx\||||||||||||||\||und||
=041  \\$a英 語
=100  \\$a"Sherman, Doug & Hendricks, William"
=245  \\$aHow to Balance Competing time Demands
=260  \\$a"Colorado Springs, CO"
=260  \\$bNavpress
=300  \\$a223p.

