=LDR  00000nam a2200000Ia 4500
=008  150128s9999||||xx\||||||||||||||\||und||
=041  \\$a英 語
=100  \\$a"Coleman, William"
=245  \\$aGod Doesn't Play Favorites
=260  \\$a"Grand Rapids, MI"
=260  \\$bBaker Book House
=300  \\$a173p.

