=LDR  00000nam a2200000Ia 4500
=008  150128s9999||||xx\||||||||||||||\||und||
=041  \\$a英 語
=100  \\$a"Hill, Harold & Harrell, Irene Burk"
=245  \\$aGod's In Charge Here
=260  \\$aUSA
=260  \\$bFleming H. Revell Co.
=300  \\$a161p.

