=LDR  00000nam a2200000Ia 4500
=008  150128s9999||||xx\||||||||||||||\||und||
=041  \\$a國 語
=100  \\$a"Calvin, John"
=245  \4$aThe Institues of Christian Religion
=260  \\$a"Grand Rapids, MI"
=260  \\$bBaker Book House
=300  \\$a271p.

