=LDR  00000nam a2200000Ia 4500
=008  150128s9999||||xx\||||||||||||||\||und||
=041  \\$a英 語
=100  \\$a"Henrichsoen, Walter A."
=245  \2$aA Layman's Guide to Interpreting the Bible
=260  \\$a"Colorado Springs, CO"
=260  \\$bNavpress
=300  \\$a231p.

