=LDR  00000nam a2200000Ia 4500
=008  150128s9999||||xx\||||||||||||||\||und||
=041  \\$a英 語
=100  \\$a"Tey, David Hock"
=245  \\$aWhat New Christians Ought to Know and Do
=260  \\$aSingapore
=260  \\$bCampus Crusade Asia Limited
=300  \\$a56p.

