=LDR  00000nam a2200000Ia 4500
=008  150128s9999||||xx\||||||||||||||\||und||
=041  \\$a英 語
=100  \\$aLaHaye Tim
=245  \\$aSpirit-Controlled Temperament
=260  \\$a"Wheaton, IL"
=260  \\$bTyndale House
=300  \\$a141p.

