=LDR  00000nam a2200000Ia 4500
=008  150128s9999||||xx\||||||||||||||\||und||
=041  \\$a英 語
=100  \\$a"Harner, Nevin C."
=245  \\$aI Believe-A Christian Faith for Youth
=260  \\$a"Philadelphia, PA"
=260  \\$bThe Christian Education Press
=300  \\$a127p.

