=LDR  00000nam a2200000Ia 4500
=008  150128s9999||||xx\||||||||||||||\||und||
=041  \\$a英 語
=100  \\$a"Morling, G.H."
=245  \4$aThe Quest for Serenity
=260  \\$a"Dallas, TX"
=260  \\$bWord Pubilshing
=300  \\$a96p.

