=LDR  00000nam a2200000Ia 4500
=008  150128s9999||||xx\||||||||||||||\||und||
=041  \\$a英 語
=100  \\$a"Wright, H.Norman & Oliver, Gary"
=245  \\$aHow to change Your Spouse
=260  \\$a"An  Arbor, MI"
=260  \\$bServant Publications
=300  \\$a286p.

