=LDR  00000nam a2200000Ia 4500
=008  150128s9999||||xx\||||||||||||||\||und||
=041  \\$a英 語
=100  \\$a"MacDonald, Gordon"
=245  \\$aRenewing YOur Spiritual Passion
=260  \\$a"Nashville, TN"
=260  \\$bOliver-Nelson Books
=300  \\$a239p.

