=LDR  00000nam a2200000Ia 4500
=008  150128s9999||||xx\||||||||||||||\||und||
=041  \\$a英 語
=100  \\$a"Sheldon, Charles M."
=245  \\$aIn His Steps
=260  \\$aWestwood NJ
=260  \\$b"Barbour and Company, Inc."
=300  \\$a242p.

