=LDR  00000nam a2200000Ia 4500
=008  150128s9999||||xx\||||||||||||||\||und||
=041  \\$a英 語
=100  \\$a"Andesson, Neil T. & Park, Dave"
=245  \4$aThe Bondage Breaker
=260  \\$a"Eugene, Oregon"
=260  \\$bHarvest House Pubilshers
=300  \\$a228p.

