=LDR  00000nam a2200000Ia 4500
=008  150128s9999||||xx\||||||||||||||\||und||
=041  \\$a英 語
=100  \\$a"Logan, Jennifer"
=245  \\$aNot Just any Man
=260  \\$a"Dallas, TX"
=260  \\$bWord publishing
=300  \\$a192p.

