=LDR  00000nam a2200000Ia 4500
=008  150128s9999||||xx\||||||||||||||\||und||
=041  \\$a英 語
=100  \\$a"Robinson, John A.T."
=245  \\$aBut That I Can't Believe!
=260  \\$a"Cleveland, OH"
=260  \\$bMeridian Books
=300  \\$a170p.

