=LDR  00000nam a2200000Ia 4500
=008  150128s9999||||xx\||||||||||||||\||und||
=041  \\$a英 語
=100  \\$a"Vanderwell, Howard D."
=245  \\$aNow that You're an Elder
=260  \\$a"fullerton, CA"
=260  \\$bR.C. Law & Co.
=300  \\$a64p.

