=LDR  00000nam a2200000Ia 4500
=008  150128s9999||||xx\||||||||||||||\||und||
=041  \\$a英 語
=100  \\$a"MacDonald, Gordon"
=245  \\$aThere's No Place Like Home
=260  \\$a"Wheaton, Il"
=260  \\$bTyndale House Publishers
=300  \\$a305p.

