=LDR  00000nam a2200000Ia 4500
=008  150128s9999||||xx\||||||||||||||\||und||
=041  \\$a英 語
=100  \\$a"Thrash, Sara Arline"
=245  \\$a"Dear God, I'm Divorced"
=260  \\$a"Grand Rapids, MI"
=260  \\$bBaked Book House
=300  \\$a101p.

