=LDR  00000nam a2200000Ia 4500
=008  150128s9999||||xx\||||||||||||||\||und||
=041  \\$a英 語
=100  \\$a"spurgeon, C.H."
=245  \\$aMorning By Morning
=260  \\$a"Grand Rapids, MI"
=260  \\$bBaker Book House
=300  \\$a368p.

