=LDR  00000nam a2200000Ia 4500
=008  150128s9999||||xx\||||||||||||||\||und||
=041  \\$a英 語
=100  \\$a"Smalley, Gary & Trent, John"
=245  \4$aThe Two sides of Love
=260  \\$a"Colorado Springs, CO"
=260  \\$bFocus on The Family
=300  \\$a181p.

