=LDR  00000nam a2200000Ia 4500
=008  150128s9999||||xx\||||||||||||||\||und||
=041  \\$a英 語
=100  \\$a"MacArthur, John F. Jr."
=245  \\$aGod With Us
=260  \\$a"Gand Rapids, MI"
=260  \\$bZondervan Publishing House
=300  \\$a143p.

