=LDR  00000nam a2200000Ia 4500
=008  150128s9999||||xx\||||||||||||||\||und||
=041  \\$a英 語
=100  \\$a"Swindoll, Charles R."
=245  \\$aLiving Above The Level of Mediocrity
=260  \\$a"Dallas, TX"
=260  \\$bWord Publishing
=300  \\$a299p.

