=LDR  00000nam a2200000Ia 4500
=008  150128s9999||||xx\||||||||||||||\||und||
=041  \\$a國 語
=100  \\$a"Elliot, Elisabeth"
=245  \\$a苦 難 中 得 安 慰
=260  \\$a台 灣
=260  \\$b學 園
=300  \\$a226p.

