=LDR  00000nam a2200000Ia 4500
=008  150128s9999||||xx\||||||||||||||\||und||
=041  \\$a國 語
=100  \\$a吳 獻 章
=245  \\$a舊 約 英 雄 本 色
=260  \\$a台 灣
=260  \\$b天 恩
=300  \\$a246p.

