=LDR  00000nam a2200000Ia 4500
=008  150128s9999||||xx\||||||||||||||\||und||
=041  \\$a國 語
=100  \\$a張 敏 等
=245  \\$a相 遇 在 永 恆
=260  \\$a台 灣
=260  \\$b校 園
=300  \\$a284p.

