=LDR  00000nam a2200000Ia 4500
=008  150128s9999||||xx\||||||||||||||\||und||
=041  \\$a英 語
=245  \\$aMoody
=260  \\$aUSA
=260  \\$bA Quadrus Release
=300  \\$a57m.

