=LDR  00000nam a2200000Ia 4500
=008  150128s9999||||xx\||||||||||||||\||und||
=041  \\$a英 語
=245  \\$aHudson Taylor
=260  \\$a"Winona Lake, Indiana"
=260  \\$bKen Anderson Films
=300  \\$a85m.

