=LDR  00000nam a2200000Ia 4500
=008  150128s9999||||xx\||||||||||||||\||und||
=041  \\$a英 語
=245  \\$aSpin
=260  \\$a"Nashville, TN"
=260  \\$bBroadman & Holman Publishers
=300  \\$a0

