=LDR  00000nam a2200000Ia 4500
=008  150128s9999||||xx\||||||||||||||\||und||
=041  \\$a英 語
=245  \4$aThe Cross and the Switchblade
=260  \\$a"Worcester,PA"
=260  \\$b"Gateway Films, Vision Video"
=300  \\$a105m.

