=LDR  00000nam a2200000Ia 4500
=008  150128s9999||||xx\||||||||||||||\||und||
=041  \\$a英 語
=245  \\$aRevelation Illustrated
=260  \\$a"North Huntingdon, PA"
=260  \\$bRevelation Productions
=300  \\$a60m.

