=LDR  00000nam a2200000Ia 4500
=008  150128s9999||||xx\||||||||||||||\||und||
=041  \\$a英 語
=245  \\$aWithout Reservation
=260  \\$a"Stfford, TX"
=260  \\$bMar.Hill Productions
=300  \\$a25m.

