=LDR  00000nam a2200000Ia 4500
=008  150128s9999||||xx\||||||||||||||\||und||
=041  \\$a英 語
=245  \\$aMolder of Dreams
=260  \\$a"colorado Springs, CO"
=260  \\$bFocus on the Family
=300  \\$a94m.

