=LDR  00000nam a2200000Ia 4500
=008  150128s9999||||xx\||||||||||||||\||und||
=041  \\$a英 語
=100  \\$a"Wright, H.Norman"
=245  \\$aWhen Anger Hits Home!
=260  \\$aDallas TX
=260  \\$bPriority  1 Publishing
=300  \\$a30m.

