=LDR  00000nam a2200000Ia 4500
=008  150128s9999||||xx\||||||||||||||\||und||
=041  \\$a英 語
=245  \\$aDoorways to Danger
=260  \\$aUSA
=260  \\$bGateway Films Vision Video
=300  \\$a0

