=LDR  00000nam a2200000Ia 4500
=008  150128s9999||||xx\||||||||||||||\||und||
=041  \\$a國 語
=100  \\$a遠 志 明 等
=245  \\$a信 仰 對 話 錄
=260  \\$a台 灣
=260  \\$b校 園
=300  \\$a316p.

