=LDR  00000nam a2200000Ia 4500
=008  150128s9999||||xx\||||||||||||||\||und||
=041  \\$a國 語
=100  \\$a"LIoyd-Jones, D. Martyn"
=245  \\$a以 弗 所 書 (三)-基 督 那 測 不 透 的 豐 富
=260  \\$a美 國
=260  \\$b活 泉
=300  \\$a287p.

