=LDR  00000nam a2200000Ia 4500
=008  150128s9999||||xx\||||||||||||||\||und||
=041  \\$a國 語
=100  \\$a史 伯 誠
=245  \\$a中 國 聖 徒 的 血 跡 腳 蹤
=260  \\$a美 國
=260  \\$b見 證
=300  \\$a225p.

