=LDR  00000nam a2200000Ia 4500
=008  150128s9999||||xx\||||||||||||||\||und||
=041  \\$a國 語
=100  \\$a蔡 茂 堂
=245  \\$a雨 後 的 彩 虹 青 澀 的 少 年
=260  \\$a美 國
=260  \\$b天 梯
=300  \\$a0

