=LDR  00000nam a2200000Ia 4500
=008  150128s9999||||xx\||||||||||||||\||und||
=041  \\$a國 語
=245  \\$a聖經新辭典下冊（K-Z）
=260  \\$a香港
=260  \\$b天道
=300  \\$a966p.

