=LDR  00000nam a2200000Ia 4500
=008  150128s9999||||xx\||||||||||||||\||und||
=041  \\$a國 語
=100  \\$a"Murray, Andrew"
=245  \\$a禱 告 的 學 校
=260  \\$a台 灣
=260  \\$b校 園
=300  \\$a224p

