=LDR  00000nam a2200000Ia 4500
=008  150128s9999||||xx\||||||||||||||\||und||
=041  \\$a國 語
=100  \\$a"Radmacher, Earl D."
=245  \\$a你的思想與你
=260  \\$a美國
=260  \\$b翻譯中心
=300  \\$a135p.

