=LDR  00000nam a2200000Ia 4500
=008  150128s9999||||xx\||||||||||||||\||und||
=041  \\$a國 語
=100  \\$a孫 越
=245  \\$a時 間 ， 好 貴 ！／ 真 先生與假先生
=260  \\$a台 灣
=260  \\$b宇 宙 光
=300  \\$a0

