=LDR  00000nam a2200000Ia 4500
=008  150128s9999||||xx\||||||||||||||\||und||
=041  \\$a英 語
=245  \\$aYou Are God
=260  \\$a美國
=260  \\$bVineyard Music Group

