=LDR  00000nam a2200000Ia 4500
=008  150128s9999||||xx\||||||||||||||\||und||
=041  \\$a英 語
=245  \\$aYou Are God Songbook
=260  \\$a美國
=260  \\$bTransparency Masters
=300  \\$a10

