=LDR  00000nam a2200000Ia 4500
=008  150128s9999||||xx\||||||||||||||\||und||
=041  \\$a國 語
=100  \\$a"Vos,Howard F."
=245  \\$a研經妙法
=260  \\$a香港
=260  \\$b種籽出版社
=300  \\$a219

