=LDR  00000nam a2200000Ia 4500
=008  150128s9999||||xx\||||||||||||||\||und||
=041  \\$a國 語
=100  \\$a"F.Davidson,A.M.Stibbs & E.F. Kevan"
=245  \\$a證主聖經手冊
=260  \\$a香港
=260  \\$b福音証主協會
=300  \\$a680

