=LDR  00000nam a2200000Ia 4500
=008  150128s9999||||xx\||||||||||||||\||und||
=041  \\$a國 語
=100  \\$a謝建儀等
=245  \\$a漫畫聖經
=260  \\$a香港
=260  \\$b國際聖經協會
=300  \\$a437

