=LDR  00000nam a2200000Ia 4500
=008  150128s9999||||xx\||||||||||||||\||und||
=041  \\$a英 語
=245  \\$a"The Teen Study Bible,New International Version"
=260  \\$a美國
=260  \\$bThe Zondervan Corp.
=300  \\$a1711

