=LDR  00000nam a2200000Ia 4500
=008  150128s9999||||xx\||||||||||||||\||und||
=041  \\$a英 語
=245  \4$aThe Picture Bible
=260  \\$a美國
=260  \\$bDavid C. Cook Publishing
=300  \\$a765p.

