=LDR  00000nam a2200000Ia 4500
=008  150128s9999||||xx\||||||||||||||\||und||
=041  \\$a國 語
=245  \\$a新約人物
=260  \\$a香港
=260  \\$b輔僑出版社
=300  \\$a111p.

