=LDR  00000nam a2200000Ia 4500
=008  150128s9999||||xx\||||||||||||||\||und||
=041  \\$a國 語
=100  \\$aJoel C. Gregory
=245  \\$a雅各的信心
=260  \\$a美國
=260  \\$bConvention Press
=300  \\$a126

