=LDR  00000nam a2200000Ia 4500
=008  150128s9999||||xx\||||||||||||||\||und||
=041  \\$a國 語
=100  \\$a楊東川
=245  \\$a耶穌的一生
=260  \\$a台北
=260  \\$b永望文化事業
=300  \\$a130p.

