=LDR  00000nam a2200000Ia 4500
=008  150128s9999||||xx\||||||||||||||\||und||
=041  \\$a國 語
=245  \\$a靈修查經操練
=260  \\$a台北
=260  \\$b海豚出版社
=300  \\$a62

