=LDR  00000nam a2200000Ia 4500
=008  150128s9999||||xx\||||||||||||||\||und||
=041  \\$a國 語
=100  \\$a陳尊德
=245  \\$a更加豐盛(歌羅西書的信息)
=260  \\$a台北
=260  \\$b中國主日學協會
=300  \\$a136p.

