=LDR  00000nam a2200000Ia 4500
=008  150128s9999||||xx\||||||||||||||\||und||
=041  \\$a國 語
=100  \\$a許錦銘
=245  \\$a腓立比書講解-喜樂的書信
=260  \\$a台北
=260  \\$b門徒出版社
=300  \\$a91p.

