=LDR  00000nam a2200000Ia 4500
=008  150128s9999||||xx\||||||||||||||\||und||
=041  \\$a國 語
=100  \\$a"Tozer,A.W.& Bounds, E.M.& Goforth,J."
=245  \\$a飲於能力之源
=260  \\$a香港
=260  \\$b宣道
=300  \\$a206p.

