=LDR  00000nam a2200000Ia 4500
=008  150128s9999||||xx\||||||||||||||\||und||
=041  \\$a國 語
=100  \\$a李林靜芝
=245  \\$a姐妹的角色
=260  \\$a美國
=260  \\$b使者
=300  \\$a31p.

