=LDR  00000nam a2200000Ia 4500
=008  150128s9999||||xx\||||||||||||||\||und||
=041  \\$a國 語
=100  \\$a"Larson,Bob"
=245  \\$a新紀元答客問(續)
=260  \\$a香港
=260  \\$b天道
=300  \\$a171p.

