=LDR  00000nam a2200000Ia 4500
=008  150128s9999||||xx\||||||||||||||\||und||
=041  \\$a國 語
=100  \\$a"Ladd, George Eldon"
=245  \\$a認識上帝的國
=260  \\$a台灣
=260  \\$b校園
=300  \\$a140p.

