=LDR  00000nam a2200000Ia 4500
=008  150128s9999||||xx\||||||||||||||\||und||
=041  \\$a國 語
=100  \\$a何曉東
=245  \\$a遊子的心聲-五十年代留學生的故事
=260  \\$a台灣
=260  \\$b大光
=300  \\$a76 p.

