=LDR  00000nam a2200000Ia 4500
=008  150128s9999||||xx\||||||||||||||\||und||
=041  \\$a國 語
=100  \\$a陳終道
=245  \\$a他使人夜間歌唱
=260  \\$a香港
=260  \\$b宣道
=300  \\$a33p.

