=LDR  00000nam a2200000Ia 4500
=008  150128s9999||||xx\||||||||||||||\||und||
=041  \\$a國 語
=100  \\$a吳明節
=245  \\$a教會增長學
=260  \\$a香港
=260  \\$b道聲
=300  \\$a204p.

