=LDR  00000nam a2200000Ia 4500
=008  150128s9999||||xx\||||||||||||||\||und||
=041  \\$a國 語
=100  \\$a邱清泰 & 余竹君
=245  \\$a夫婦關係；蝴蝶與水牛
=260  \\$a美國
=260  \\$b家庭更新協會

