=LDR  00000nam a2200000Ia 4500
=008  150128s9999||||xx\||||||||||||||\||und||
=041  \\$a國 語
=100  \\$a鄭國治
=245  \\$a鬼！趕鬼！
=260  \\$a台灣
=260  \\$b學園
=300  \\$a44p.

