=LDR  00000nam a2200000Ia 4500
=008  150128s9999||||xx\||||||||||||||\||und||
=041  \\$a國 語
=100  \\$a"Kaiser,Walter C."
=245  \\$a享受生命
=260  \\$a香港
=260  \\$b福音閱覽室
=300  \\$a106p.

