=LDR  00000nam a2200000Ia 4500
=008  150128s9999||||xx\||||||||||||||\||und||
=041  \\$a國 語
=100  \\$a王藍田
=245  \\$a撒種之樂(三)
=260  \\$a台灣
=260  \\$b恩典
=300  \\$a95p.

