=LDR  00000nam a2200000Ia 4500
=008  150128s9999||||xx\||||||||||||||\||und||
=041  \\$a英 語
=245  \\$aDC'91 Highlight Video
=260  \\$aUSA
=260  \\$bYouth for Christ
=300  \\$a38m.

