=LDR  00000nam a2200000Ia 4500
=008  150128s9999||||xx\||||||||||||||\||und||
=041  \\$a英 語
=245  \\$aSynod Synopsis
=260  \\$a"Grand Rapids,MI"
=260  \\$bRCA  Distrbution Center
=300  \\$a0

