=LDR  00000nam a2200000Ia 4500
=008  150128s9999||||xx\||||||||||||||\||und||
=041  \\$a英 語
=245  \\$aFamily Fife Conference Promotional
=260  \\$a"Little Rock, AR"
=260  \\$bFamily Ministry
=300  \\$a0

