=LDR  00000nam a2200000Ia 4500
=008  150128s9999||||xx\||||||||||||||\||und||
=041  \\$a英 語
=245  \\$aFuture Tense
=260  \\$a"Stafford,TX"
=260  \\$bMars.Hill
=300  \\$a30m.

