=LDR  00000nam a2200000Ia 4500
=008  150128s9999||||xx\||||||||||||||\||und||
=041  \\$a國 語
=245  \\$a野獸年代(下)
=260  \\$a台灣
=260  \\$b浸信會
=300  \\$a54m.

