=LDR  00000nam a2200000Ia 4500
=008  150128s9999||||xx\||||||||||||||\||und||
=041  \\$a英 語
=100  \\$a"Green, Michael"
=245  \\$aWho Is This Jesus?
=260  \\$a"Nashvill,TN"
=260  \\$bThomas Nelson Publishers
=300  \\$a133p.

