=LDR  00000nam a2200000Ia 4500
=008  150128s9999||||xx\||||||||||||||\||und||
=041  \\$a國 語
=245  \\$a回家
=260  \\$a台灣
=260  \\$b更生團契
=300  \\$a56m.

