=LDR  00000nam a2200000Ia 4500
=008  150128s9999||||xx\||||||||||||||\||und||
=041  \\$a英 語
=100  \\$aSunny Griffin
=245  \\$aNoah and The Very First Rainbow
=260  \\$a美國
=260  \\$bLandoll
=300  \\$a0

