=LDR  00000nam a2200000Ia 4500
=008  150128s9999||||xx\||||||||||||||\||und||
=041  \\$a英 語
=100  \\$aTim Dowley
=245  \\$aStories Jesus Told
=260  \\$a美國
=260  \\$bMoody Press
=300  \\$a0

