=LDR  00000nam a2200000Ia 4500
=008  150128s9999||||xx\||||||||||||||\||und||
=041  \\$a英 語
=100  \\$aPenny Frank
=245  \\$aJeremiah And The Great Disaster
=260  \\$a美國
=260  \\$bLion Publishing
=300  \\$a23

