=LDR  00000nam a2200000Ia 4500
=008  150128s9999||||xx\||||||||||||||\||und||
=041  \\$a英 語
=100  \\$aGlen Forsberg
=245  \\$aJoseph The Dreamer
=260  \\$a美國
=260  \\$bPeter Enns
=300  \\$a0

