=LDR  00000nam a2200000Ia 4500
=008  150128s9999||||xx\||||||||||||||\||und||
=041  \\$a英 語
=100  \\$aElsie E. Egermeier
=245  \\$aBible Picture ABC Book
=260  \\$a美國
=260  \\$bWarner Press
=300  \\$a0

