=LDR  00000nam a2200000Ia 4500
=008  150128s9999||||xx\||||||||||||||\||und||
=041  \\$a英 語
=100  \\$aMeryl Doney
=245  \\$aPeter & The First Christians
=260  \\$a美國
=260  \\$bMultnomah Press
=300  \\$a0

