=LDR  00000nam a2200000Ia 4500
=008  150128s9999||||xx\||||||||||||||\||und||
=041  \\$a英 語
=100  \\$aLucille B. Golphenee
=245  \\$aTwo Cities That Burned
=260  \\$a美國
=260  \\$bArch Book
=300  \\$a31

