=LDR  00000nam a2200000Ia 4500
=008  150128s9999||||xx\||||||||||||||\||und||
=041  \\$a英 語
=100  \\$aAmerian Bible Society
=245  \2$aA Book About Jesus
=260  \\$a美國
=260  \\$bAmerican Bible Society
=300  \\$a79

