=LDR  00000nam a2200000Ia 4500
=008  150128s9999||||xx\||||||||||||||\||und||
=041  \\$a英 語
=100  \\$aBurl Ives
=245  \\$aJoshua
=260  \\$a美國
=260  \\$bDavid C. Cook Publishing
=300  \\$a31

