=LDR  00000nam a2200000Ia 4500
=008  150128s9999||||xx\||||||||||||||\||und||
=041  \\$a英 語
=100  \\$aDennis Rainey & David Boehi
=245  \4$aThe Tribute
=260  \\$a美國
=260  \\$bThomas Nelson Publishing
=300  \\$a288

