=LDR  00000nam a2200000Ia 4500
=008  150128s9999||||xx\||||||||||||||\||und||
=041  \\$a英 語
=100  \\$aNicky Cruz & Jamie Buckingham
=245  \\$aRun Baby Run
=260  \\$a美國
=260  \\$bNew Leaf Press
=300  \\$a320

