=LDR  00000nam a2200000Ia 4500
=008  150128s9999||||xx\||||||||||||||\||und||
=041  \\$a英 語
=100  \\$aS. Rickly Christian
=245  \\$aAlive 2
=260  \\$a美國
=260  \\$bTyndale House Printing
=300  \\$a295

