=LDR  00000nam a2200000Ia 4500
=008  150128s9999||||xx\||||||||||||||\||und||
=041  \\$a英 語
=100  \\$aBob & Marilyn Donahue
=245  \4$aThe Right Way to Eat Spaghetti
=260  \\$a美國
=260  \\$bBob & Marilyn Donahue
=300  \\$a94

