=LDR  00000nam a2200000Ia 4500
=008  150128s9999||||xx\||||||||||||||\||und||
=041  \\$a英 語
=100  \\$aInternational Children's Bible
=245  \\$aHoly Bible
=260  \\$a美國
=260  \\$bWorld Publishing
=300  \\$a960

