=LDR  00000nam a2200000Ia 4500
=008  150128s9999||||xx\||||||||||||||\||und||
=041  \\$a英 語
=100  \\$aO. Richards
=245  \4$aThe Adventure Bible (NIV Version)
=260  \\$a美國
=260  \\$bZondervan Bible Publishers
=300  \\$a1584

