=LDR  00000nam a2200000Ia 4500
=008  150128s9999||||xx\||||||||||||||\||und||
=041  \\$a英 語
=100  \\$aV. Gilbert Beers
=245  \\$aMy Bedtime Storybook
=260  \\$a美國
=260  \\$bThomas Nelson Publishers
=300  \\$a352

