=LDR  00000nam a2200000Ia 4500
=008  150128s9999||||xx\||||||||||||||\||und||
=041  \\$a英 語
=100  \\$aElla K. Lindvall
=245  \\$aNoah and His Ark
=260  \\$a美國
=260  \\$bMoody Press
=300  \\$a32

