=LDR  00000nam a2200000Ia 4500
=008  150128s9999||||xx\||||||||||||||\||und||
=041  \\$a英 語
=100  \\$aAnn Hibbard
=245  \\$aRough Roads and Rainbows
=260  \\$a美國
=260  \\$bFocus on the Family
=300  \\$a0

