=LDR  00000nam a2200000Ia 4500
=008  150128s9999||||xx\||||||||||||||\||und||
=041  \\$a英 語
=245  \4$aThe Mission
=260  \\$a美國
=260  \\$bWarner Bros.
=300  \\$a0

