=LDR  00000nam a2200000Ia 4500
=008  150128s9999||||xx\||||||||||||||\||und||
=041  \\$a英 語
=100  \\$aTerry Ann Modica
=245  \4$aThe Dark Secret of The Ouija
=260  \\$a美國
=260  \\$bBarbour   & Comp.
=300  \\$a218

