=LDR  00000nam a2200000Ia 4500
=008  150128s9999||||xx\||||||||||||||\||und||
=041  \\$a英 語
=100  \\$aDaniel Defoe
=245  \\$aBobinson Crusoe
=260  \\$a美國
=260  \\$bBarbour & Comp.
=300  \\$a216

