=LDR  00000nam a2200000Ia 4500
=008  150128s9999||||xx\||||||||||||||\||und||
=041  \\$a英 語
=100  \\$aDan Larsen
=245  \\$aBen-Hur
=260  \\$a美國
=260  \\$bBarbour
=300  \\$a206

