=LDR  00000nam a2200000Ia 4500
=008  150128s9999||||xx\||||||||||||||\||und||
=041  \\$a英 語
=100  \\$aKjersti Hoff B'aez
=245  \4$aThe Life of Corrie ten Boom
=260  \\$a美國
=260  \\$bBarbour
=300  \\$a218

