=LDR  00000nam a2200000Ia 4500
=008  150128s9999||||xx\||||||||||||||\||und||
=041  \\$a英 語
=100  \\$aChris Lutes
=245  \\$aPeer Pressure-Making it work for you
=260  \\$a美國
=260  \\$bCampus Life Books
=300  \\$a131

