=LDR  00000nam a2200000Ia 4500
=008  150128s9999||||xx\||||||||||||||\||und||
=041  \\$a台 語
=100  \\$aKing James
=245  \4$aThe Holy Bible
=260  \\$a美國
=260  \\$bAmerican Bible Society
=300  \\$a1020

