=LDR  00000nam a2200000Ia 4500
=008  150128s9999||||xx\||||||||||||||\||und||
=041  \\$a英 語
=100  \\$aCarrie & Renee Minirth
=245  \4$aThe Great White Buffalo Adventure
=260  \\$a美國
=260  \\$b"Educational Publishing Concepts, Inc."
=300  \\$a31

