=LDR  00000nam a2200000Ia 4500
=008  150128s9999||||xx\||||||||||||||\||und||
=041  \\$a國 語
=245  \\$aJesus Speaks to Everyone-Luke
=260  \\$aN.Y.
=260  \\$bAmerican Bible Society
=300  \\$a111

