=LDR  00000nam a2200000Ia 4500
=008  150128s9999||||xx\||||||||||||||\||und||
=041  \\$a英 語
=100  \\$aKenneth W.Osbeck
=245  \\$aAmazing Grace-366 Inspiring Hymn Stories for Daily Devotions
=260  \\$a美國
=260  \\$bKregel Publications
=300  \\$a396

