=LDR  00000nam a2200000Ia 4500
=008  150128s9999||||xx\||||||||||||||\||und||
=041  \\$a英 語
=245  \4$aThe Hymn for Young Christians
=260  \\$aU.S.A.
=260  \\$b"F.E.L.Publications, Ltd."
=300  \\$a186

