=LDR  00000nam a2200000Ia 4500
=008  150128s9999||||xx\||||||||||||||\||und||
=041  \\$a國 語
=100  \\$a"Martin, George"
=245  \\$a從福音書再思神的醫治
=260  \\$a香港
=260  \\$b亞洲歸主香港分會
=300  \\$a45p.

