=LDR  00000nam a2200000Ia 4500
=008  150128s9999||||xx\||||||||||||||\||und||
=041  \\$a英 語
=100  \\$a"Fickett, Harold L. Jr."
=245  \\$aFaith That Works
=260  \\$a"Glendale, CA"
=260  \\$bG/L Publications
=300  \\$a176p.

