=LDR  00000nam a2200000Ia 4500
=008  150128s9999||||xx\||||||||||||||\||und||
=041  \\$a英 語
=100  \\$aLeroy Koopman
=245  \\$aBeauty Care for The Tongue
=260  \\$a"Gand Rapids, Michigan"
=260  \\$bThe Zondervan
=300  \\$a99p.

