=LDR  00000nam a2200000Ia 4500
=008  150128s9999||||xx\||||||||||||||\||und||
=041  \\$a英 語
=100  \\$a"Huron, Rod"
=245  \\$aDo You Know Who You Are?
=260  \\$a"Cincinnati, OH."
=260  \\$bThe Standard Publishing
=300  \\$a96p.

