=LDR  00000nam a2200000Ia 4500
=008  150128s9999||||xx\||||||||||||||\||und||
=041  \\$a國 語
=245  \\$aSteps to Christ
=260  \\$a"Phoenix, AZ."
=260  \\$bInspirations Books
=300  \\$a89p.

