=LDR  00000nam a2200000Ia 4500
=008  150128s9999||||xx\||||||||||||||\||und||
=041  \\$a英 語
=100  \\$a"Little, Paul E."
=245  \\$aKnow what You Believe
=260  \\$a"Wheaton, IL"
=260  \\$bVictor Books
=300  \\$a192p.

