=LDR  00000nam a2200000Ia 4500
=008  150128s9999||||xx\||||||||||||||\||und||
=041  \\$a英 語
=100  \\$a"Gray, James M."
=245  \4$aThe Bible Says
=260  \\$a"Wheaton, IL"
=260  \\$bThe Moody Bible Institute
=300  \\$a136p.

