=LDR  00000nam a2200000Ia 4500
=008  150128s9999||||xx\||||||||||||||\||und||
=041  \\$a英 語
=100  \\$aJohn Morris & Ken Ham
=245  \\$aWhat Really Happened to the DINOSAURS?
=260  \\$a美國
=260  \\$bMaster Books
=300  \\$a31

