=LDR  00000nam a2200000Ia 4500
=008  150128s9999||||xx\||||||||||||||\||und||
=041  \\$a英 語
=100  \\$aDaniel J. Hochstatter
=245  \\$aSammy's Fantastic Journeys With the Early Heroes of the Bible
=260  \\$a美國
=260  \\$b"Educational Publishing Concepts, Inc."
=300  \\$a0

