=LDR  00000nam a2200000Ia 4500
=008  150128s9999||||xx\||||||||||||||\||und||
=041  \\$a英 語
=100  \\$aDuane T. Gish
=245  \\$aDinosaurs by Design
=260  \\$a美國
=260  \\$bCreation-Life Publishers
=300  \\$a88

