=LDR  00000nam a2200000Ia 4500
=008  150128s9999||||xx\||||||||||||||\||und||
=041  \\$a英 語
=100  \\$aKeren Mezek
=245  \\$aIn Search of Righteous Radicals
=260  \\$a美國
=260  \\$bHarvest House Publishers

