=LDR  00000nam a2200000Ia 4500
=008  150128s9999||||xx\||||||||||||||\||und||
=041  \\$a英 語
=100  \\$aKaryn Henley
=245  \4$aThe Biginner's Bible
=260  \\$a美國
=260  \\$bInternational Bible Society
=300  \\$a525

