=LDR  00000nam a2200000Ia 4500
=008  150128s9999||||xx\||||||||||||||\||und||
=041  \\$a英 語
=100  \\$aCandace Clayton
=245  \\$aSing A Song of Gladness
=260  \\$a美國
=260  \\$bARCH  Books
=300  \\$a0

