=LDR  00000nam a2200000Ia 4500
=008  150128s9999||||xx\||||||||||||||\||und||
=041  \\$a英 語
=100  \\$aFrances Dunlap Heron
=245  \\$aWith My Whole Heart
=260  \\$a美國
=260  \\$bDonnelley & Sons Comp.
=300  \\$a50

