=LDR  00000nam a2200000Ia 4500
=008  150128s9999||||xx\||||||||||||||\||und||
=041  \\$a國 語
=100  \\$aMarian Bennett
=245  \\$aGod Made Chickens
=260  \\$a美國
=260  \\$bStandard Publishing Comp.

