=LDR  00000nam a2200000Ia 4500
=008  150128s9999||||xx\||||||||||||||\||und||
=041  \\$a英 語
=100  \\$aJoni Eareckson Tada
=245  \\$aRyan and The Circus Wheels
=260  \\$a美國
=260  \\$bDavid C. Cook Publishing
=300  \\$a0

