=LDR  00000nam a2200000Ia 4500
=008  150128s9999||||xx\||||||||||||||\||und||
=041  \\$a英 語
=100  \\$aKatherine Davis
=245  \4$aThe Little Drummer Boy
=260  \\$a美國
=260  \\$bScholastic Book Services
=300  \\$a0

