=LDR  00000nam a2200000Ia 4500
=008  150128s9999||||xx\||||||||||||||\||und||
=041  \\$a英 語
=100  \\$aDebby Anderson
=245  \\$aLet's Talk About Heaven
=260  \\$a巴西
=260  \\$bDavid C. Cook
=300  \\$a32

