=LDR  00000nam a2200000Ia 4500
=008  150128s9999||||xx\||||||||||||||\||und||
=041  \\$a英 語
=100  \\$aDavid Graf
=245  \\$aABC's of The Bible
=260  \\$a美國
=260  \\$bThe Reader's Digest Association
=300  \\$a336

