=LDR  00000nam a2200000Ia 4500
=008  150128s9999||||xx\||||||||||||||\||und||
=041  \\$a國 語
=100  \\$a敏熙
=245  \\$a敏熙的歌
=260  \\$a台灣
=260  \\$b聖樂俱樂部
=300  \\$a0

