=LDR  00000nam a2200000Ia 4500
=008  150128s9999||||xx\||||||||||||||\||und||
=041  \\$a國 語
=100  \\$a劉銘侮
=245  \\$a劉銘侮見證集#5/7
=260  \\$aunknown
=260  \\$bunknown
=300  \\$a0

