=LDR  00000nam a2200000Ia 4500
=008  150128s9999||||xx\||||||||||||||\||und||
=041  \\$a英中
=100  \\$a"Wilson, Christy"
=245  \\$a宣教士見證(2)
=260  \\$a"Long Island, NY"
=260  \\$b長島豐盛生命教會
=300  \\$a0

