=LDR  00000nam a2200000Ia 4500
=008  150128s9999||||xx\||||||||||||||\||und||
=041  \\$a國 語
=100  \\$a林森南路國語禮拜堂兒童詩班
=245  \\$a兒童歡唱(44)
=260  \\$a台灣
=260  \\$b主日學
=300  \\$a0

