=LDR  00000nam a2200000Ia 4500
=008  150128s9999||||xx\||||||||||||||\||und||
=041  \\$a國 語
=100  \\$a王芷蕾
=245  \\$a心
=260  \\$a台灣
=260  \\$b天韻
=300  \\$a0

