=LDR  00000nam a2200000Ia 4500
=008  150128s9999||||xx\||||||||||||||\||und||
=041  \\$a國 語
=100  \\$a李秀全、林靜芝
=245  \\$a婚姻與家庭(2)
=260  \\$a紐約
=260  \\$b紐約夏令會
=300  \\$a0

