=LDR  00000nam a2200000Ia 4500
=008  150128s9999||||xx\||||||||||||||\||und||
=041  \\$a國 語
=100  \\$a天韻詩班
=245  \\$a為中國民族與列邦
=260  \\$a台灣
=260  \\$b以琳
=300  \\$a0

