=LDR  00000nam a2200000Ia 4500
=008  150128s9999||||xx\||||||||||||||\||und||
=041  \\$a國 語
=100  \\$a門徒合唱團
=245  \\$a基督是主(2上)
=260  \\$a台灣
=260  \\$b門徒影視
=300  \\$a0

