=LDR  00000nam a2200000Ia 4500
=008  150128s9999||||xx\||||||||||||||\||und||
=041  \\$a台 語
=100  \\$a王守仁
=245  \\$a羅馬書(Ch.1-2)
=260  \\$a紐約
=260  \\$b紐約新城歸正教會
=300  \\$a0

