=LDR  00000nam a2200000Ia 4500
=008  150128s9999||||xx\||||||||||||||\||und||
=041  \\$a國 語
=100  \\$a唐崇榮
=245  \\$aTo Know Him?2)認識祂(2)
=260  \\$a"Pittsburgh, PA"
=260  \\$bGospel Tape Ministry
=300  \\$a0

