=LDR  00000nam a2200000Ia 4500
=008  150128s9999||||xx\||||||||||||||\||und||
=041  \\$a國 語
=100  \\$aUnknown
=245  \\$a"基督是主(1,2,3,4合訂本)"
=260  \\$a台灣
=260  \\$b門徒出版社
=300  \\$a0

