=LDR  00000nam a2200000Ia 4500
=008  150128s9999||||xx\||||||||||||||\||und||
=041  \\$a英 語
=100  \\$a"Swindoll, Charles R."
=245  \\$aGrowing Strong in The Seasons of Life
=260  \\$a"Portland, OR"
=260  \\$bMultnomah Press
=300  \\$a414p.

