=LDR  00000nam a2200000Ia 4500
=008  150128s9999||||xx\||||||||||||||\||und||
=041  \\$a英 語
=100  \\$a"Swindoll, Charles R."
=245  \\$aImproveing Your Serve
=260  \\$a"Waco, TX"
=260  \\$bWord Co..
=300  \\$a219p.

