=LDR  00000nam a2200000Ia 4500
=008  150128s9999||||xx\||||||||||||||\||und||
=041  \\$a英 語
=100  \\$a"Packer, J.I."
=245  \\$aKnowing God
=260  \\$a"Madison, WI"
=260  \\$bIVCF
=300  \\$a256p.

