=LDR  00000nam a2200000Ia 4500
=008  150128s9999||||xx\||||||||||||||\||und||
=041  \\$a英 語
=100  \\$aFrank & Mary Alice Minirth; Brian & Deborah Newman
=245  \\$aPassages of Marriage
=260  \\$a"Nashville,TN"
=260  \\$bThomsd Nelson Publishers
=300  \\$a335p.

