=LDR  00000nam a2200000Ia 4500
=008  150128s9999||||xx\||||||||||||||\||und||
=041  \\$a英 語
=100  \\$a"Engstrom, Ted W."
=245  \4$aThe Making of a Christian Leader
=260  \\$a"Grand Rapids, MI"
=260  \\$bZondervan
=300  \\$a214p.

