=LDR  00000nam a2200000Ia 4500
=008  150128s9999||||xx\||||||||||||||\||und||
=041  \\$a英 語
=245  \\$aDiscipling the City
=260  \\$a"Grand Raipds, MI"
=260  \\$bBaker
=300  \\$a286p.

