=LDR  00000nam a2200000Ia 4500
=008  150128s9999||||xx\||||||||||||||\||und||
=041  \\$a英 語
=100  \\$a"Kee, Howard Clark"
=245  \\$aMaking Ethical Decisions
=260  \\$a"Philadelphia,PA"
=260  \\$bThe Westminster Press
=300  \\$a96p.

