=LDR  00000nam a2200000Ia 4500
=008  150128s9999||||xx\||||||||||||||\||und||
=041  \\$a英 語
=100  \\$a"Tsai, Christiana"
=245  \\$aQueen of the Dark Chamber
=260  \\$a"Paradise, PA"
=260  \\$bAmbassadors For Christ
=300  \\$a192p.

