=LDR  00000nam a2200000Ia 4500
=008  150128s9999||||xx\||||||||||||||\||und||
=041  \\$a英 語
=100  \\$a"Gary E. Parker M.S., Ed.D."
=245  \\$aLife Before Birth
=260  \\$a美國
=260  \\$b"Creation-Life Publishing, Inc."
=300  \\$a85

