=LDR  00000nam a2200000Ia 4500
=008  150128s9999||||xx\||||||||||||||\||und||
=041  \\$a英 語
=245  \\$aAdventures From God's Word
=260  \\$a美國
=260  \\$bThe Standard Publishing Comp.
=300  \\$a128

