=LDR  00000nam a2200000Ia 4500
=008  150128s9999||||xx\||||||||||||||\||und||
=041  \\$a英 語
=100  \\$aElspeth Campbell Murphy
=245  \\$a"Do You See Me, God?/Prayers for Young Children"
=260  \\$a美國
=260  \\$bDavid C. Cook Publishing
=300  \\$a0

