=LDR  00000nam a2200000Ia 4500
=008  150128s9999||||xx\||||||||||||||\||und||
=041  \\$a台 語
=100  \\$aKaren O'Connor
=245  \\$aLittle-Kids' Olympics
=260  \\$a美國
=260  \\$bConcordia Publishing House
=300  \\$a62

