=LDR  00000nam a2200000Ia 4500
=008  150128s9999||||xx\||||||||||||||\||und||
=041  \\$a英 語
=100  \\$aEliZabeth Ernst
=245  \\$aHummy and The Wax Castle
=260  \\$a美國
=260  \\$bInstitute for Creation Research
=300  \\$a54

