=LDR  00000nam a2200000Ia 4500
=008  150128s9999||||xx\||||||||||||||\||und||
=041  \\$a英 語
=100  \\$a"Duane T. Gish, Ph.D."
=245  \\$aDinosaurs Those Terrible Lizards
=260  \\$a美國
=260  \\$bMaster Book Publishers
=300  \\$a60

