=LDR  00000nam a2200000Ia 4500
=008  150128s9999||||xx\||||||||||||||\||und||
=041  \\$a英 語
=100  \\$aGary E.Parker
=245  \\$aDry Bones...and Other Fossils
=260  \\$a美國
=260  \\$bCreation-Life Publishing Master Books Division
=300  \\$a71

