=LDR  00000nam a2200000Ia 4500
=008  150128s9999||||xx\||||||||||||||\||und||
=041  \\$a英 語
=100  \\$aJohn D. Morris
=245  \\$aNoah's Ark and ther Lost World
=260  \\$a美國
=260  \\$bMaster Books
=300  \\$a45

