=LDR  00000nam a2200000Ia 4500
=008  150128s9999||||xx\||||||||||||||\||und||
=041  \\$a英 語
=100  \\$aA. J. McCallen
=245  \\$aPraise!/ Songs and poems from the Bible retold for children
=260  \\$a美國
=260  \\$bCollins Liturgical Publications
=300  \\$a0

