=LDR  00000nam a2200000Ia 4500
=008  150128s9999||||xx\||||||||||||||\||und||
=041  \\$a英 語
=100  \\$aDebby Boone & Gabriel Ferrer
=245  \\$aTOMORROW Is A Brand New Day
=260  \\$a美國
=260  \\$bHarvest  House Publishers
=300  \\$a0

