=LDR  00000nam a2200000Ia 4500
=008  150128s9999||||xx\||||||||||||||\||und||
=041  \\$a英 語
=100  \\$aJane Sorenson
=245  \\$aFive Minutes with God
=260  \\$a美國
=260  \\$bStandard Publishing
=300  \\$a61

