=LDR  00000nam a2200000Ia 4500
=008  150128s9999||||xx\||||||||||||||\||und||
=041  \\$a英 語
=100  \\$aLynn Hodges
=245  \\$aKing's Kids
=260  \\$a美國
=260  \\$bCreative Workshop
=300  \\$a0

