=LDR  00000nam a2200000Ia 4500
=008  150128s9999||||xx\||||||||||||||\||und||
=041  \\$a英 語
=100  \\$aChild Evangelism Fellowship Press
=245  \\$aJesus Loves Me/Even Me and other songs
=260  \\$a美國
=260  \\$bChild Evangelism Fellowship Press
=300  \\$a0

