=LDR  00000nam a2200000Ia 4500
=008  150128s9999||||xx\||||||||||||||\||und||
=041  \\$a國 語
=100  \\$a劉瑞賢
=245  \\$a劉瑞賢國語聖歌獨唱集
=260  \\$a台灣
=260  \\$b劉瑞賢
=300  \\$a0

