=LDR  00000nam a2200000Ia 4500
=008  150128s9999||||xx\||||||||||||||\||und||
=041  \\$a國 語
=245  \4$aThe Worship Update Newsletter/3nd quarter 1997
=260  \\$a美國
=260  \\$bVineyard Music Group Publication
=300  \\$a0

