=LDR  00000nam a2200000Ia 4500
=008  150128s9999||||xx\||||||||||||||\||und||
=041  \\$a台 語
=245  \\$a台語聖詩全集(31)
=260  \\$a台灣
=260  \\$b門徒影視
=300  \\$a0

