=LDR  00000nam a2200000Ia 4500
=008  150128s9999||||xx\||||||||||||||\||und||
=041  \\$a國 語
=245  \\$a新歌頌揚1，2，3，4合訂本
=260  \\$a台灣
=260  \\$b以琳
=300  \\$a0

