=LDR  00000nam a2200000Ia 4500
=008  150128s9999||||xx\||||||||||||||\||und||
=041  \\$a英 語
=100  \\$aElaine L. Schulte
=245  \\$aAbsolutely Green
=260  \\$a美國
=260  \\$bChariot Books
=300  \\$a122

