=LDR  00000nam a2200000Ia 4500
=008  150128s9999||||xx\||||||||||||||\||und||
=041  \\$a英 語
=100  \\$aPaul Thomsen
=245  \\$aFlight of The Falcon
=260  \\$a美國
=260  \\$b"Wolgemuth & Hyatt, Publishers, Inc."
=300  \\$a81

