=LDR  00000nam a2200000Ia 4500
=008  150128s9999||||xx\||||||||||||||\||und||
=041  \\$a英 語
=100  \\$aBarbara Johnson
=245  \\$a"Mama,Get The Hammer!There's a Fly On Papa's Head!"
=260  \\$a美國
=260  \\$bWord Publishing
=300  \\$a173

