=LDR  00000nam a2200000Ia 4500
=008  150128s9999||||xx\||||||||||||||\||und||
=041  \\$a英 語
=100  \\$aPaul McCusker
=245  \\$aHigh Flyer With A Flat Tire
=260  \\$a美國
=260  \\$bFocus On Family
=300  \\$a101

