=LDR  00000nam a2200000Ia 4500
=008  150128s9999||||xx\||||||||||||||\||und||
=041  \\$a英 語
=100  \\$aKathryn Dahlstrom
=245  \\$aCaptives In The Wilderness
=260  \\$a美國
=260  \\$bCEF Press
=300  \\$a196

