=LDR  00000nam a2200000Ia 4500
=008  150128s9999||||xx\||||||||||||||\||und||
=041  \\$a英 語
=245  \\$aBubba's Big Banana Cream Crime/Resisting Temptation
=260  \\$a美國
=260  \\$bCornerstone Video
=300  \\$a0

