=LDR  00000nam a2200000Ia 4500
=008  150128s9999||||xx\||||||||||||||\||und||
=041  \\$a英 語
=245  \\$aQuigley's Village Sing-Along/Teaches Christian Values
=260  \\$a美國
=260  \\$bCornerstone Video
=300  \\$a0

