=LDR  00000nam a2200000Ia 4500
=008  150128s9999||||xx\||||||||||||||\||und||
=041  \\$a英 語
=100  \\$aMark Littleton
=245  \\$a"When They Invited Me to Fellowship, I Thought They Meant A Cruise"
=260  \\$a美國
=260  \\$bChristian Publications
=300  \\$a160

