=LDR  00000nam a2200000Ia 4500
=008  150128s9999||||xx\||||||||||||||\||und||
=041  \\$a英 語
=100  \\$aJohn White
=245  \4$aThe Fight
=260  \\$a美國
=260  \\$bInterVarsity Press
=300  \\$a230

