=LDR  00000nam a2200000Ia 4500
=008  150128s9999||||xx\||||||||||||||\||und||
=041  \\$a英 語
=100  \\$a"Tom Watson, Jr."
=245  \\$a"SEX & The Christian Teen, 101"
=260  \\$a美國
=260  \\$bBaker Book House Company
=300  \\$a175

