=LDR  00000nam a2200000Ia 4500
=008  150128s9999||||xx\||||||||||||||\||und||
=041  \\$a英 語
=100  \\$aAngela Elwell Hunt
=245  \\$a"If God Is Real, Where On Earth Is He?"
=260  \\$a美國
=260  \\$bHere's Life Publishers
=300  \\$a172

