=LDR  00000nam a2200000Ia 4500
=008  150128s9999||||xx\||||||||||||||\||und||
=041  \\$a英 語
=100  \\$aCharles Caldwell Ryrie
=245  \\$aYou Mean The Bible Teaches That?
=260  \\$a美國
=260  \\$bMoody  Press
=300  \\$a0

