=LDR  00000nam a2200000Ia 4500
=008  150128s9999||||xx\||||||||||||||\||und||
=041  \\$a英 語
=100  \\$aZig Ziglar with Annie Regan
=245  \4$aThe Two-Horse Cadillac
=260  \\$a美國
=260  \\$b"Tyndale House Publishers, Inc."
=300  \\$a40

