=LDR  00000nam a2200000Ia 4500
=008  150128s9999||||xx\||||||||||||||\||und||
=041  \\$a英 語
=100  \\$aEsther Daniels
=245  \\$aPaths That Cross
=260  \\$a美國
=260  \\$bFriendship Press
=300  \\$a79

