=LDR  00000nam a2200000Ia 4500
=008  150128s9999||||xx\||||||||||||||\||und||
=041  \\$a英 語
=100  \\$aSusan E. Hilliard
=245  \\$aTrial by Fire
=260  \\$a美國
=260  \\$bStandard Publishing Company
=300  \\$a0

