=LDR  00000nam a2200000Ia 4500
=008  150128s9999||||xx\||||||||||||||\||und||
=041  \\$a英 語
=100  \\$aMary Alice Jones
=245  \\$aFriends Are For Loving
=260  \\$a美國
=260  \\$bRand McNally & Company
=300  \\$a0

