=LDR  00000nam a2200000Ia 4500
=008  150128s9999||||xx\||||||||||||||\||und||
=041  \\$a英 語
=100  \\$aGinny Williams
=245  \\$aClass of 2000/A Change of Heart
=260  \\$a美國
=260  \\$bHarvest House Publishers
=300  \\$a216

