=LDR  00000nam a2200000Ia 4500
=008  150128s9999||||xx\||||||||||||||\||und||
=041  \\$a英 語
=100  \\$aLorraine Peterson
=245  \\$aAnybody Can Be Cool...But Awesome Takes Practice
=260  \\$a美國
=260  \\$bBethany House Publishers
=300  \\$a208

