=LDR  00000nam a2200000Ia 4500
=008  150128s9999||||xx\||||||||||||||\||und||
=041  \\$a英 語
=100  \\$aMarie Hibma Frost
=245  \\$aHattie's Surprising Discovery
=260  \\$a美國
=260  \\$b"Walgemuth & Hyatt, Publishers, Inc."
=300  \\$a149

