=LDR  00000nam a2200000Ia 4500
=008  150128s9999||||xx\||||||||||||||\||und||
=041  \\$a英 語
=100  \\$aFred Hartley & Family
=245  \4$aThe Teenage Book of Manners... PLEASE!
=260  \\$a美國
=260  \\$b"Barbour & Company, Inc."
=300  \\$a223

