=LDR  00000nam a2200000Ia 4500
=008  150128s9999||||xx\||||||||||||||\||und||
=041  \\$a英 語
=100  \\$aJudy Blume
=245  \\$aIt's Not the End of the World
=260  \\$a美國
=260  \\$b"Dell Publishing Co., Inc."
=300  \\$a174

