=LDR  00000nam a2200000Ia 4500
=008  150128s9999||||xx\||||||||||||||\||und||
=041  \\$a國 語
=100  \\$a連國欽，賴淑霞
=245  \\$a最有意義的投資
=260  \\$a台灣
=260  \\$b傳神
=300  \\$a44m.

