=LDR  00000nam a2200000Ia 4500
=008  150128s9999||||xx\||||||||||||||\||und||
=041  \\$a英 語
=100  \\$aTony Campolo
=245  \\$a20 Hot Potatoes Christians Are Afraid to Touch
=260  \\$a美國
=260  \\$bWord  Publishing
=300  \\$a235

