=LDR  00000nam a2200000Ia 4500
=008  150128s9999||||xx\||||||||||||||\||und||
=041  \\$a英 語
=100  \\$aWatchman Nee
=245  \4$aThe Normal Christian Life
=260  \\$a美國
=260  \\$b"Tyndale House Publishers, Inc."
=300  \\$a285

