=LDR  00000nam a2200000Ia 4500
=008  150128s9999||||xx\||||||||||||||\||und||
=041  \\$a英 語
=100  \\$aJosh McDowell & Bob Hostetler
=245  \\$aJosh McDowell's Handbook on Counseling Youth
=260  \\$a美國
=260  \\$bWord Publishing
=300  \\$a542

