=LDR  00000nam a2200000Ia 4500
=008  150128s9999||||xx\||||||||||||||\||und||
=041  \\$a英 語
=100  \\$aCynthia Heald
=245  \\$aBecoming A Woman of Prayer
=260  \\$a美國
=260  \\$bNavpress
=300  \\$a101

