=LDR  00000nam a2200000Ia 4500
=008  150128s9999||||xx\||||||||||||||\||und||
=041  \\$a英 語
=100  \\$aGwen Weising
=245  \\$aFinding Time for Family Fun
=260  \\$a美國
=260  \\$bFleming H. Revell Company
=300  \\$a192

