=LDR  00000nam a2200000Ia 4500
=008  150128s9999||||xx\||||||||||||||\||und||
=041  \\$a英 語
=100  \\$aGary Smalley
=245  \\$aLove Is A Decision
=260  \\$a美國
=260  \\$bWord Publishing
=300  \\$a215

