=LDR  00000nam a2200000Ia 4500
=008  150128s9999||||xx\||||||||||||||\||und||
=041  \\$a英 語
=100  \\$aMarie Chapian
=245  \\$aFeeling Small Walking Tall
=260  \\$a美國
=260  \\$bBethany House Publishers
=300  \\$a169

