=LDR  00000nam a2200000Ia 4500
=008  150128s9999||||xx\||||||||||||||\||und||
=041  \\$a英 語
=245  \\$aBible Crosswords
=260  \\$a美國
=260  \\$bA Barbour Book
=300  \\$a112

