=LDR  00000nam a2200000Ia 4500
=008  150128s9999||||xx\||||||||||||||\||und||
=041  \\$a英 語
=100  \\$aKen Davis
=245  \\$aI Don't Remember Dropping The Skunk But I do Remember Trying to Breath
=260  \\$a美國
=260  \\$bZondervan Publishing House
=300  \\$a0

