=LDR  00000nam a2200000Ia 4500
=008  150128s9999||||xx\||||||||||||||\||und||
=041  \\$a英 語
=100  \\$aBill Sanders
=245  \\$aStand Tall/Learning How to Really Love Yourself
=260  \\$a美國
=260  \\$bFleming H. Revell
=300  \\$a164

