=LDR  00000nam a2200000Ia 4500
=008  150128s9999||||xx\||||||||||||||\||und||
=041  \\$a英 語
=100  \\$aLorraine Peterson
=245  \\$aWhy Isn't God Giving Cash Prizes?
=260  \\$a美國
=260  \\$bBethany House Publishers
=300  \\$a176

