=LDR  00000nam a2200000Ia 4500
=008  150128s9999||||xx\||||||||||||||\||und||
=041  \\$a英 語
=100  \\$aMary Lou Carney
=245  \\$aAngel in My Attic
=260  \\$a美國
=260  \\$bZondervan Publishing House
=300  \\$a127

