=LDR  00000nam a2200000Ia 4500
=008  150128s9999||||xx\||||||||||||||\||und||
=041  \\$a英 語
=100  \\$aJ. David Schmidt
=245  \\$aMore Craffiti/Devotions for Guys
=260  \\$a美國
=260  \\$bFleming H. Company
=300  \\$a131

