=LDR  00000nam a2200000Ia 4500
=008  150128s9999||||xx\||||||||||||||\||und||
=041  \\$a英 語
=100  \\$aWilliam J. Krutza
=245  \\$aDevotionals for Modern Men
=260  \\$a美國
=260  \\$bBaker Book House
=300  \\$a79

