=LDR  00000nam a2200000Ia 4500
=008  150128s9999||||xx\||||||||||||||\||und||
=041  \\$a英 語
=100  \\$aPhilip Yancey
=245  \\$aWhere is God When It Hurts
=260  \\$a美國
=260  \\$bZondervan Publishing House
=300  \\$a187

