=LDR  00000nam a2200000Ia 4500
=008  150128s9999||||xx\||||||||||||||\||und||
=041  \\$a英 語
=100  \\$aLorraine Peterson
=245  \\$a"Lord,I Haven't Talked to You Since The Last Crisis, But...."
=260  \\$a美國
=260  \\$bBethany House Publishing
=300  \\$a238

