=LDR  00000nam a2200000Ia 4500
=008  150128s9999||||xx\||||||||||||||\||und||
=041  \\$a英 語
=100  \\$aMargaret Becker & Others
=245  \\$aRock The Planet
=260  \\$a美國
=260  \\$bZondervan Publishing House
=300  \\$a151

