=LDR  00000nam a2200000Ia 4500
=008  150128s9999||||xx\||||||||||||||\||und||
=041  \\$a英 語
=100  \\$aLeslie Hamilton
=245  \\$aChild's Play 6-12
=260  \\$a美國
=260  \\$b"Crown Publishers, Inc."
=300  \\$a206

