=LDR  00000nam a2200000Ia 4500
=008  150128s9999||||xx\||||||||||||||\||und||
=041  \\$a英 語
=100  \\$aEarl & Bonita Snellenberger
=245  \\$aGod Created the Birds of The World
=260  \\$a美國
=260  \\$bEabon Design & Master Books
=300  \\$a0

