=LDR  00000nam a2200000Ia 4500
=008  150128s9999||||xx\||||||||||||||\||und||
=041  \\$a英 語
=100  \\$aEllen E. Larson
=245  \\$aObedient & Worshipful
=260  \\$a美國
=260  \\$bDavid C. Cook Publishing Co.
=300  \\$a0

