=LDR  00000nam a2200000Ia 4500
=008  150128s9999||||xx\||||||||||||||\||und||
=041  \\$a英 語
=245  \\$aPaint With Water/Moses and The Very Special Basket
=260  \\$a美國
=260  \\$bLandoll's
=300  \\$a0

