=LDR  00000nam a2200000Ia 4500
=008  150128s9999||||xx\||||||||||||||\||und||
=041  \\$a英 語
=100  \\$a"Marshall Shelley,Brian Dill & Eric Potter"
=245  \\$aPathfinder/Living with Yourself and Liking It
=260  \\$a美國
=260  \\$bDavid C. Cook Publishing
=300  \\$a0

