=LDR  00000nam a2200000Ia 4500
=008  150128s9999||||xx\||||||||||||||\||und||
=041  \\$a英 語
=100  \\$aMRandy Petersen & Wesley G. Pippert
=245  \\$aPathfinder/Wrestling with Moderh Problems
=260  \\$a美國
=260  \\$bDavid C. Cook Publishing
=300  \\$a0

