=LDR  00000nam a2200000Ia 4500
=008  150128s9999||||xx\||||||||||||||\||und||
=041  \\$a英 語
=100  \\$aJudi Lanciotti
=245  \\$aPrayers with Pizzazz fo Jinior High Teens
=260  \\$a美國
=260  \\$bSaint Mary's Press
=300  \\$a75

