=LDR  00000nam a2200000Ia 4500
=008  150128s9999||||xx\||||||||||||||\||und||
=041  \\$a英 語
=245  \\$aKids on The Rock!/57 Songs
=260  \\$a美國
=260  \\$bGospel Light
=300  \\$a160

