=LDR  00000nam a2200000Ia 4500
=008  150128s9999||||xx\||||||||||||||\||und||
=041  \\$a英 語
=100  \\$aBev Gundersen & Linda Kondracki
=245  \\$aSelf-Esteem Differeces Authority
=260  \\$a美國
=260  \\$bDavid C. Cook Publishing
=300  \\$a121

