=LDR  00000nam a2200000Ia 4500
=008  150128s9999||||xx\||||||||||||||\||und||
=041  \\$a英 語
=245  \\$aPopular Christmas Songs
=260  \\$a美國
=260  \\$bNeil A. Kjos Music Company
=300  \\$a24

