=LDR  00000nam a2200000Ia 4500
=008  150128s9999||||xx\||||||||||||||\||und||
=041  \\$a英 語
=100  \\$aMary Currier
=245  \\$aBible Memory Activity Book
=260  \\$a美國
=260  \\$bBaker Books
=300  \\$a0

