=LDR  00000nam a2200000Ia 4500
=008  150128s9999||||xx\||||||||||||||\||und||
=041  \\$a英 語
=100  \\$aStan Toler
=245  \\$a101 Ways To Grow A Healthy Sunday School
=260  \\$a美國
=260  \\$bBeacon Hill Press
=300  \\$a101

