=LDR  00000nam a2200000Ia 4500
=008  150128s9999||||xx\||||||||||||||\||und||
=041  \\$a英 語
=100  \\$aKen & Mally Ham
=245  \\$aD Is For Dinosaur/A Rhyme Book and More
=260  \\$a美國
=260  \\$bMaster Books
=300  \\$a123

