=LDR  00000nam a2200000Ia 4500
=008  150128s9999||||xx\||||||||||||||\||und||
=041  \\$a英 語
=100  \\$aRandy Petersen & Gary Wilbum
=245  \\$aPathfinder/Choosing a Christ-Centered Lifestyle
=260  \\$a美國
=260  \\$bDavid C. Cook Publishing
=300  \\$a0

