=LDR  00000nam a2200000Ia 4500
=008  150128s9999||||xx\||||||||||||||\||und||
=041  \\$a英 語
=100  \\$a"Fran & Jill Sciacca, Randy Pepersen"
=245  \\$a"""They're Not Like Us!""/What Different Churches Believe"
=260  \\$a美國
=260  \\$bDavid C. Cook publishing
=300  \\$a93

