=LDR  00000nam a2200000Ia 4500
=008  150128s9999||||xx\||||||||||||||\||und||
=041  \\$a英 語
=100  \\$aJosh McDowell
=245  \\$aOut of The Moral Maze
=260  \\$a美國
=260  \\$bWorld Bridge Press
=300  \\$a171

