=LDR  00000nam a2200000Ia 4500
=008  150128s9999||||xx\||||||||||||||\||und||
=041  \\$a國 語
=100  \\$a楊摩西
=245  \\$a末世的豫兆 約櫃
=260  \\$a美國
=260  \\$b國際福音布道神學院
=300  \\$a0

