=LDR  00000nam a2200000Ia 4500
=008  150128s9999||||xx\||||||||||||||\||und||
=041  \\$a國 語
=100  \\$a葉明翰
=245  \\$a從聖經談運說命
=260  \\$a台北
=260  \\$b大光傳播
=300  \\$a166

