=LDR  00000nam a2200000Ia 4500
=008  150128s9999||||xx\||||||||||||||\||und||
=041  \\$a國 語
=100  \\$a約拿單‧愛德華滋
=245  \\$a宗教情操真偽辨
=260  \\$a台北
=260  \\$b基督教改革宗翻譯社
=300  \\$a118

