=LDR  00000nam a2200000Ia 4500
=008  150128s9999||||xx\||||||||||||||\||und||
=041  \\$a國 語
=100  \\$a布克比‧金科德合著
=245  \\$a不再一樣～愛在生命改變時
=260  \\$a台北
=260  \\$b浸信會
=300  \\$a266

