=LDR  00000nam a2200000Ia 4500
=008  150128s9999||||xx\||||||||||||||\||und||
=041  \\$a國 語
=100  \\$a史迪亞‧史艾梅
=245  \\$a成為我異像2000
=260  \\$a台北
=260  \\$b海外基督使團
=300  \\$a280

