=LDR  00000nam a2200000Ia 4500
=008  150128s9999||||xx\||||||||||||||\||und||
=041  \\$a國 語
=100  \\$a巴克萊
=245  \\$a腓立比書歌羅西書帖撒羅尼迦前後書注釋
=260  \\$a台北
=260  \\$b基督教文藝出版社
=300  \\$a280

