=LDR  00000nam a2200000Ia 4500
=008  150128s9999||||xx\||||||||||||||\||und||
=041  \\$a國 語
=100  \\$a李德爾
=245  \\$a你為何要信
=260  \\$a香 港
=260  \\$b福音證主
=300  \\$a190

