=LDR  00000nam a2200000Ia 4500
=008  150128s9999||||xx\||||||||||||||\||und||
=041  \\$a國 語
=100  \\$a李健
=245  \\$a個人談道(一)
=260  \\$a美國紐約
=260  \\$b紐約證主教會
=300  \\$a0

