=LDR  00000nam a2200000Ia 4500
=008  150128s9999||||xx\||||||||||||||\||und||
=041  \\$a國 語
=245  \\$a中國民間說書耶穌傳(四)
=260  \\$a"Oak Park, IL"
=260  \\$b遠東證主協會
=300  \\$a0

