=LDR  00000nam a2200000Ia 4500
=008  150128s9999||||xx\||||||||||||||\||und||
=041  \\$a國 語
=100  \\$a陳昆華等
=245  \\$a陌生人(5)
=260  \\$a"Danville, CA"
=260  \\$b輔愛社傳播中心
=300  \\$a0

