=LDR  00000nam a2200000Ia 4500
=008  150128s9999||||xx\||||||||||||||\||und||
=041  \\$a國 語
=100  \\$a馮津
=245  \\$a"祂的手(1,2)"
=260  \\$a"Oak Park, CA"
=260  \\$b遠東證主協會
=300  \\$a0

