=LDR  00000nam a2200000Ia 4500
=008  150128s9999||||xx\||||||||||||||\||und||
=041  \\$a國 語
=100  \\$a欒大端
=245  \\$a聖經的宇宙觀(1/2)
=260  \\$a"Gaithersburg, MD"
=260  \\$bGospel Tape Mininstry
=300  \\$a0

