=LDR  00000nam a2200000Ia 4500
=008  150128s9999||||xx\||||||||||||||\||und||
=041  \\$a國 語
=100  \\$a鄭國治
=245  \\$a蒙福之道
=260  \\$a"Patton, CA"
=260  \\$b國際學園傳道會華人事工部

