=LDR  00000nam a2200000Ia 4500
=008  150128s9999||||xx\||||||||||||||\||und||
=041  \\$a國 語
=100  \\$a杜偉強
=245  \\$a如何處理青少年的衝突
=260  \\$a"Orange County, CA"
=260  \\$b柑橘福音教會
=300  \\$a0

