=LDR  00000nam a2200000Ia 4500
=008  150128s9999||||xx\||||||||||||||\||und||
=041  \\$a國 語
=100  \\$a趙鏞基
=245  \\$a活在神蹟中
=260  \\$a台灣
=260  \\$b學園
=300  \\$a168p.

