=LDR  00000nam a2200000Ia 4500
=008  150128s9999||||xx\||||||||||||||\||und||
=041  \\$a國 語
=100  \\$a薛玉光
=245  \\$a非洲傳道記
=260  \\$a新加坡
=260  \\$b宣 教 異 象 出 版 社
=300  \\$a100p

