=LDR  00000nam a2200000Ia 4500
=008  150128s9999||||xx\||||||||||||||\||und||
=041  \\$a國 語
=100  \\$a臧玉芝
=245  \\$a起跑線上
=260  \\$a台灣
=260  \\$b校 園
=300  \\$a15p

