=LDR  00000nam a2200000Ia 4500
=008  150128s9999||||xx\||||||||||||||\||und||
=041  \\$a國 語
=100  \\$a楊牧谷
=245  \\$a公元二千宗教大趨勢
=260  \\$a台灣
=260  \\$b校園
=300  \\$a148p.

