=LDR  00000nam a2200000Ia 4500
=008  150128s9999||||xx\||||||||||||||\||und||
=041  \\$a國 語
=100  \\$a"Hyles, Jack"
=245  \\$a佳美腳蹤
=260  \\$a美國
=260  \\$b中華基督翻譯中心
=300  \\$a112p.

