=LDR  00000nam a2200000Ia 4500
=008  150128s9999||||xx\||||||||||||||\||und||
=041  \\$a國 語
=100  \\$a滌然
=245  \\$a是我嗎？
=260  \\$a台灣
=260  \\$b校園
=300  \\$a89p.

