=LDR  00000nam a2200000Ia 4500
=008  150128s9999||||xx\||||||||||||||\||und||
=041  \\$a國 語
=100  \\$a"Bright, Bill"
=245  \\$a聖靈 超然生活之鑰
=260  \\$a台灣
=260  \\$b學園
=300  \\$a228p.

