=LDR  00000nam a2200000Ia 4500
=008  150128s9999||||xx\||||||||||||||\||und||
=041  \\$a國 語
=100  \\$a楊東川
=245  \\$a野火燒不盡-使徒行傳主題研究
=260  \\$a台灣
=260  \\$b燈塔山
=300  \\$a113p.

