=LDR  00000nam a2200000Ia 4500
=008  150128s9999||||xx\||||||||||||||\||und||
=041  \\$a國 語
=100  \\$a"Sanders, Oswald"
=245  \\$a靈命的成熟
=260  \\$a"Monterey Park, CA"
=260  \\$b活泉
=300  \\$a247p.

