=LDR  00000nam a2200000Ia 4500
=008  150128s9999||||xx\||||||||||||||\||und||
=041  \\$a國 語
=100  \\$a唐崇榮
=245  \\$a神的形像-人性的尊嚴與危機
=260  \\$a台灣
=260  \\$b中國福音會
=300  \\$a147p.

