=LDR  00000nam a2200000Ia 4500
=008  150128s9999||||xx\||||||||||||||\||und||
=041  \\$a國 語
=100  \\$a許錦銘
=245  \\$a人生的季節
=260  \\$a台灣
=260  \\$b活石
=300  \\$a254p.

