=LDR  00000nam a2200000Ia 4500
=008  150128s9999||||xx\||||||||||||||\||und||
=041  \\$a國 語
=100  \\$a周淑慧
=245  \\$a信仰與生命(1)(約翰壹書講解)
=260  \\$a美國
=260  \\$bUnknown
=300  \\$a0

