=LDR  00000nam a2200000Ia 4500
=008  150128s9999||||xx\||||||||||||||\||und||
=041  \\$a國 語
=100  \\$a王守仁
=245  \\$a夫妻關係-男女平等/彼此順服
=260  \\$a"Gaitherburg, MD"
=260  \\$bGospel Tape Ministry
=300  \\$a0

