=LDR  00000nam a2200000Ia 4500
=008  150128s9999||||xx\||||||||||||||\||und||
=041  \\$a台 語
=100  \\$a王守仁
=245  \\$a永遠的生命
=260  \\$a"Gaitherburg, MD"
=260  \\$bGospel Tape Ministry
=300  \\$a0

