=LDR  00000nam a2200000Ia 4500
=008  150128s9999||||xx\||||||||||||||\||und||
=041  \\$a台 語
=100  \\$a王守仁
=245  \\$a建立基督的身體
=260  \\$a美國
=260  \\$b新城教會
=300  \\$a0

