=LDR  00000nam a2200000Ia 4500
=008  150128s9999||||xx\||||||||||||||\||und||
=041  \\$a國 語
=100  \\$a葉陳淑淑
=245  \\$a不一樣的愛(二)
=260  \\$a美國
=260  \\$b播恩堂
=300  \\$a0

