=LDR  00000nam a2200000Ia 4500
=008  150128s9999||||xx\||||||||||||||\||und||
=041  \\$a國 語
=100  \\$a莊祖鯤
=245  \\$a真理的尋索(Search for Truth)(3)
=260  \\$aUnknown
=260  \\$bUnknown
=300  \\$a0

