=LDR  00000nam a2200000Ia 4500
=008  150128s9999||||xx\||||||||||||||\||und||
=041  \\$a國 語
=100  \\$a陳姳慧
=245  \\$a知己知彼談佛教
=260  \\$aUnknown
=260  \\$bUnknown
=300  \\$a0

