=LDR  00000nam a2200000Ia 4500
=008  150128s9999||||xx\||||||||||||||\||und||
=041  \\$a國 語
=100  \\$a李前明
=245  \\$a氣功與我-李前明見證(3)
=260  \\$aUnknown
=260  \\$bUnknown
=300  \\$a0

