=LDR  00000nam a2200000Ia 4500
=008  150128s9999||||xx\||||||||||||||\||und||
=041  \\$a國 語
=100  \\$a簡春安
=245  \\$a觀 察 了 解 與 溝 通
=260  \\$a"Santa Clara, CA"
=260  \\$b家庭更新傳道會
=300  \\$a0

