=LDR  00000nam a2200000Ia 4500
=008  150128s9999||||xx\||||||||||||||\||und||
=041  \\$a國 語
=100  \\$a"Stott, John R."
=245  \\$a當 代 聖 靈 的 工 作
=260  \\$a台 灣
=260  \\$b校 園
=300  \\$a148p.

