=LDR  00000nam a2200000Ia 4500
=008  150128s9999||||xx\||||||||||||||\||und||
=041  \\$a國 語
=100  \\$a杜花明，湯銘雄
=245  \\$a饒恕的愛
=260  \\$a台灣
=260  \\$b傳神
=300  \\$a41m.

