=LDR  00000nam a2200000Ia 4500
=008  150128s9999||||xx\||||||||||||||\||und||
=041  \\$a英 語
=100  \\$aChristopher A. Lane
=245  \\$aCornelius T. Mouse and Sons
=260  \\$a美國
=260  \\$bSP Publications
=300  \\$a0

