=LDR  00000nam a2200000Ia 4500
=008  150128s9999||||xx\||||||||||||||\||und||
=041  \\$a國 語
=100  \\$a葉 明 翰
=245  \\$a在 基 督 裏 的 闢 邪 妙 方
=260  \\$a台 灣
=260  \\$b大 光
=300  \\$a182p.

