=LDR  00000nam a2200000Ia 4500
=008  150128s9999||||xx\||||||||||||||\||und||
=041  \\$a國 語
=100  \\$a"Bounds, E.M."
=245  \\$a禱 告 的 主
=260  \\$a香 港
=260  \\$b大 使 命 基 督 徒 團 契
=300  \\$a151p.

