=LDR  00000nam a2200000Ia 4500
=008  150128s9999||||xx\||||||||||||||\||und||
=041  \\$a國 語
=100  \\$a張 修 齊
=245  \\$a聖 經 的 研 讀 與 教 導
=260  \\$a香 港
=260  \\$b基 道
=300  \\$a203p.

