=LDR  00000nam a2200000Ia 4500
=008  150128s9999||||xx\||||||||||||||\||und||
=041  \\$a國 語
=100  \\$a"Wagner, C. Peter"
=245  \\$a你 的 屬 靈 恩 賜
=260  \\$a香 港
=260  \\$b亞 洲 歸 主 協 會
=300  \\$a188p.

