=LDR  00000nam a2200000Ia 4500
=008  150128s9999||||xx\||||||||||||||\||und||
=041  \\$a國 語
=100  \\$aMr.& Mrs.John Van Regenmorter; Dr. Joe S. Mcllhane
=245  \\$a上 帝 ， 我 倆 為 何 沒 有 孩 子 ？ — 不 孕 症 指 南
=260  \\$a台 灣
=260  \\$b主 日 學
=300  \\$a144p.

