=LDR  00000nam a2200000Ia 4500
=008  150128s9999||||xx\||||||||||||||\||und||
=041  \\$a國 語
=100  \\$a"Richards, Larry"
=245  \\$a上 帝 放 假 了 嗎 ？ — 「 等 候 上 帝 」的 操 練
=260  \\$a台 灣
=260  \\$b主 日 學
=300  \\$a169p.

