=LDR  00000nam a2200000Ia 4500
=008  150128s9999||||xx\||||||||||||||\||und||
=041  \\$a國 語
=100  \\$a"Evans, Debra"
=245  \\$a美 麗 一 身
=260  \\$a台 灣
=260  \\$b校 園
=300  \\$a240p.

