=LDR  00000nam a2200000Ia 4500
=008  150128s9999||||xx\||||||||||||||\||und||
=041  \\$a國 語
=100  \\$a"Stanley, Charles"
=245  \\$a我 的 力 量 泉 源
=260  \\$a台 灣
=260  \\$b學 園
=300  \\$a160p.

