=LDR  00000nam a2200000Ia 4500
=008  150128s9999||||xx\||||||||||||||\||und||
=041  \\$a國 語
=100  \\$a蔡 貴 恆
=245  \\$a重 遇 基 督
=260  \\$a香 港
=260  \\$b基 道
=300  \\$a204p.

