=LDR  00000nam a2200000Ia 4500
=008  150128s9999||||xx\||||||||||||||\||und||
=041  \\$a國 語
=100  \\$a邢 福 增、梁 家 麟
=245  \\$a中 國 祭 祖 問 題
=260  \\$a香 港
=260  \\$b建 道 神 學 院
=300  \\$a242p.

