=LDR  00000nam a2200000Ia 4500
=008  150128s9999||||xx\||||||||||||||\||und||
=041  \\$a國 語
=100  \\$a"Stafford, Tim"
=245  \\$a值 得 等
=260  \\$a台 灣
=260  \\$b校 園
=300  \\$a173p.

