=LDR  00000nam a2200000Ia 4500
=008  150128s9999||||xx\||||||||||||||\||und||
=041  \\$a國 語
=100  \\$a"Barna, George"
=245  \\$a異 象 — 你 的 生 命 將 從 此 改 變
=260  \\$a台 灣
=260  \\$b以 琳
=300  \\$a202p.

