=LDR  00000nam a2200000Ia 4500
=008  150128s9999||||xx\||||||||||||||\||und||
=041  \\$a國 語
=100  \\$a羅 秉 祥
=245  \\$a自 由 社 會 的 道 德 底 線
=260  \\$a香 港
=260  \\$b基 道
=300  \\$a164p.

