=LDR  00000nam a2200000Ia 4500
=008  150128s9999||||xx\||||||||||||||\||und||
=041  \\$a國 語
=100  \\$a"Scroggie, W. Graham"
=245  \\$a救 恩 與 行 為 — 羅 馬 書 探 微
=260  \\$a台 灣
=260  \\$b橄 欖
=300  \\$a109p.

