=LDR  00000nam a2200000Ia 4500
=008  150128s9999||||xx\||||||||||||||\||und||
=041  \\$a國 語
=100  \\$a周 淑 慧
=245  \\$a基 督 是 我 生 命(1)
=260  \\$a"Staten Island, NY"
=260  \\$b恩 光 教 會
=300  \\$a0

