=LDR  00000nam a2200000Ia 4500
=008  150128s9999||||xx\||||||||||||||\||und||
=041  \\$a國 語
=100  \\$a韓 吳 期 敏 ( 韓 偉 師 母 )
=245  \\$a合 神 心 意 的 家 庭
=260  \\$aunknown
=260  \\$bunknown
=300  \\$a0

