=LDR  00000nam a2200000Ia 4500
=008  150128s9999||||xx\||||||||||||||\||und||
=041  \\$a國 語
=100  \\$a吳 家 棟
=245  \\$a父 母 與 青 少 年
=260  \\$a"LA,CA"
=260  \\$b柑 縣 福 音 教 會
=300  \\$a0

