=LDR  00000nam a2200000Ia 4500
=008  150128s9999||||xx\||||||||||||||\||und||
=041  \\$a台 語
=100  \\$a劉 瑞 賢
=245  \\$a如 何 做 使 徒
=260  \\$aNY
=260  \\$b紐 約 新 城 教 會
=300  \\$a0

