=LDR  00000nam a2200000Ia 4500
=008  150128s9999||||xx\||||||||||||||\||und||
=041  \\$a國 語
=100  \\$a唐 崇 榮
=245  \\$a生 命 與 分 享(1)
=260  \\$aNY
=260  \\$b紐 約 退 修 會
=300  \\$a0

