=LDR  00000nam a2200000Ia 4500
=008  150128s9999||||xx\||||||||||||||\||und||
=041  \\$a國 語
=100  \\$a唐 崇 榮
=245  \\$a深 知 所 信 (2B)(Know What You Know)
=260  \\$a"Pittsburgh, PA 15236"
=260  \\$bGospel Tape Ministry
=300  \\$a0

