=LDR  00000nam a2200000Ia 4500
=008  150128s9999||||xx\||||||||||||||\||und||
=041  \\$a國 語
=100  \\$a唐 崇 榮
=245  \\$a認 識 祂(5A)  (To know Him)
=260  \\$a"Pittsburgh, PA 15236"
=260  \\$bGospel Tape Ministry
=300  \\$a0

