=LDR  00000nam a2200000Ia 4500
=008  150128s9999||||xx\||||||||||||||\||und||
=041  \\$a台 語
=245  \\$a全 地 攏 著 出 聲
=260  \\$a"LA, CA"
=260  \\$b台 福 傳 播 中 心
=300  \\$a0

