=LDR  00000nam a2200000Ia 4500
=008  150128s9999||||xx\||||||||||||||\||und||
=041  \\$a國 語
=100  \\$a葉 陳 淑 淑
=245  \\$a葉 醫 師 心 路 歷 程 (2)
=260  \\$aNY
=260  \\$b中 宣 會 播 恩 堂
=300  \\$a0

