=LDR  00000nam a2200000Ia 4500
=008  150128s9999||||xx\||||||||||||||\||und||
=041  \\$a國 語
=245  \\$a基 督 是 主 (6上)- 都 是 愛 歌
=260  \\$a台 灣
=260  \\$b門 徒 合 唱 團
=300  \\$a0

