=LDR  00000nam a2200000Ia 4500
=008  150128s9999||||xx\||||||||||||||\||und||
=041  \\$a台 語
=100  \\$a鄭 果
=245  \\$a穿 上 新 人
=260  \\$aNY
=260  \\$b新 城 教 會
=300  \\$a0

