=LDR  00000nam a2200000Ia 4500
=008  150128s9999||||xx\||||||||||||||\||und||
=041  \\$a國 語
=100  \\$a莊 明 哲
=245  \\$a基 督 徒 移 民 父 母 如 何 與 子 女 相 處
=260  \\$aNY
=260  \\$b美 東 台 語 聯 合 退 修 會
=300  \\$a0

