=LDR  00000nam a2200000Ia 4500
=008  150128s9999||||xx\||||||||||||||\||und||
=041  \\$a英 語
=100  \\$aTim Lahaye
=245  \\$aLeft Behind
=260  \\$a美國
=260  \\$bAlive Communictaion
=300  \\$a468

