=LDR  00000nam a2200000Ia 4500
=008  150128s9999||||xx\||||||||||||||\||und||
=041  \\$a英 語
=100  \\$aTim Lahaye
=245  \\$aTribulation Force
=260  \\$a美國
=260  \\$bAlive Communication
=300  \\$a450

