=LDR  00000nam a2200000Ia 4500
=008  150128s9999||||xx\||||||||||||||\||und||
=041  \\$a英 語
=100  \\$aPatricia St. John
=245  \3$aAn Ordinary Woman's Extraordinary Faith
=260  \\$a美國
=260  \\$bHarold Shaw Publishers
=300  \\$a305

