=LDR  00000nam a2200000Ia 4500
=008  150128s9999||||xx\||||||||||||||\||und||
=041  \\$a英 語
=100  \\$aTedd Tripp
=245  \\$aShepherding A Child's Heart
=260  \\$a美國
=260  \\$bCalvary Press Publishing
=300  \\$a237

