=LDR  00000nam a2200000Ia 4500
=008  150128s9999||||xx\||||||||||||||\||und||
=041  \\$a台 語
=245  \\$a林 頌 哲 牧 師 封 立 及 按 立 典 禮
=260  \\$a美國
=260  \\$b新 城
=300  \\$a0

