=LDR  00000nam a2200000Ia 4500
=008  150128s9999||||xx\||||||||||||||\||und||
=041  \\$a台 語
=245  \\$a賴 信 夫 長 老 追 思 禮 拜
=260  \\$a美國
=260  \\$b新 城
=300  \\$a0

