=LDR  00000nam a2200000Ia 4500
=008  150128s9999||||xx\||||||||||||||\||und||
=041  \\$a英 語
=100  \\$aAl Menconi
=245  \4$aThe Christian Music Diet
=260  \\$a美國
=260  \\$bAl Menconi Ministries
=300  \\$a23min

