=LDR  00000nam a2200000Ia 4500
=008  150128s9999||||xx\||||||||||||||\||und||
=041  \\$a英 語
=100  \\$aDavid S. Hart
=245  \\$aIt's All Rock-N-Roll to Me
=260  \\$a美國
=260  \\$bNew Song Publishers
=300  \\$a157

