=LDR  00000nam a2200000Ia 4500
=008  150128s9999||||xx\||||||||||||||\||und||
=041  \\$a英 語
=100  \\$aAl Menconi & Dave Hart
=245  \\$aStaying in Tune
=260  \\$a美國
=260  \\$bThe Standard Publishing
=300  \\$a212

