=LDR  00000nam a2200000Ia 4500
=008  150128s9999||||xx\||||||||||||||\||und||
=041  \\$a英 語
=100  \\$aCharles R. Swindoll
=245  \\$aRise and Shine-A Wake-up Call
=260  \\$a美國
=260  \\$bMultnomah Press
=300  \\$a254

