=LDR  00000nam a2200000Ia 4500
=008  150128s9999||||xx\||||||||||||||\||und||
=041  \\$a英 語
=100  \\$aTony Campolo
=245  \\$aWake Up America!
=260  \\$a美國
=260  \\$bHarper Collins Publishers
=300  \\$a188

