=LDR  00000nam a2200000Ia 4500
=008  150128s9999||||xx\||||||||||||||\||und||
=041  \\$a英 語
=100  \\$aDavid R. Collins
=245  \\$aFlorence Nightingale
=260  \\$a美國
=260  \\$bMott Media
=300  \\$a151

