=LDR  00000nam a2200000Ia 4500
=008  150128s9999||||xx\||||||||||||||\||und||
=041  \\$a英 語
=100  \\$aCharles Ludwig
=245  \4$aThe Wright Brothers
=260  \\$a美國
=260  \\$bMott Media
=300  \\$a183

