=LDR  00000nam a2200000Ia 4500
=008  150128s9999||||xx\||||||||||||||\||und||
=041  \\$a英 語
=100  \\$aRod Huron
=245  \\$aDoYou Know Who You Are?
=260  \\$a美國
=260  \\$bStandard Publishing
=300  \\$a96

