=LDR  00000nam a2200000Ia 4500
=008  150128s9999||||xx\||||||||||||||\||und||
=041  \\$a英 語
=100  \\$a"Anthony Campolo, Jr."
=245  \4$aThe Success Fantasy
=260  \\$a美國
=260  \\$bVictor Books
=300  \\$a144

