=LDR  00000nam a2200000Ia 4500
=008  150128s9999||||xx\||||||||||||||\||und||
=041  \\$a英 語
=100  \\$aColleen Reece
=245  \\$aHonor Bound/The Calling of Elizabeth Courtland
=260  \\$a美國
=260  \\$bBarbour Book
=300  \\$a212

