=LDR  00000nam a2200000Ia 4500
=008  150128s9999||||xx\||||||||||||||\||und||
=041  \\$a英 語
=100  \\$aIrving L. Jensen
=245  \\$aEphesians
=260  \\$a美國
=260  \\$bMoody Bible Instituteof Chicago
=300  \\$a96

