=LDR  00000nam a2200000Ia 4500
=008  150128s9999||||xx\||||||||||||||\||und||
=041  \\$a英 語
=100  \\$a"Walter C. Kaiser, Jr."
=245  \\$aQuest for Renewal
=260  \\$a美國
=260  \\$bMoody Press
=300  \\$a163

