=LDR  00000nam a2200000Ia 4500
=008  150128s9999||||xx\||||||||||||||\||und||
=041  \\$a英 語
=100  \\$aLeRoy Lawson
=245  \\$aWhere Do You Grow From Here?
=260  \\$a美國
=260  \\$bThe Standard Publishing
=300  \\$a127

