=LDR  00000nam a2200000Ia 4500
=008  150128s9999||||xx\||||||||||||||\||und||
=041  \\$a英 語
=100  \\$a"Alfred Martin, Th. D."
=245  \\$aSurvey of The Scriptures
=260  \\$a美國
=260  \\$bMoody Correspondence school
=300  \\$a471

