=LDR  00000nam a2200000Ia 4500
=008  150128s9999||||xx\||||||||||||||\||und||
=041  \\$a英 語
=100  \\$aAndrew Murray
=245  \\$aAbsolute Surrender
=260  \\$a美國
=260  \\$bWhitaker House
=300  \\$a139

