=LDR  00000nam a2200000Ia 4500
=008  150128s9999||||xx\||||||||||||||\||und||
=041  \\$a英 語
=100  \\$aRichard B. Bliss GaruE. Paker Duane T. Gish
=245  \\$aOrigin of Life
=260  \\$a美國
=260  \\$bC.L.P. Publisher
=300  \\$a51

