=LDR  00000nam a2200000Ia 4500
=008  150128s9999||||xx\||||||||||||||\||und||
=041  \\$a英 語
=100  \\$aNorman Fox
=245  \\$aFossils/ Hard Facts from The Earth
=260  \\$a美國
=260  \\$bC.L.P Publishers
=300  \\$a31

