=LDR  00000nam a2200000Ia 4500
=008  150128s9999||||xx\||||||||||||||\||und||
=041  \\$a英 語
=100  \\$aHarold Coffin
=245  \\$aOrigin by Design
=260  \\$a美國
=260  \\$bReview and Herald Publishing
=300  \\$a494

