=LDR  00000nam a2200000Ia 4500
=008  150128s9999||||xx\||||||||||||||\||und||
=041  \\$a英 語
=100  \\$aMax E. Anders
=245  \\$a30days To Understanding The Bible
=260  \\$a美國
=260  \\$bWolgemuth & Hyatt. Publishers
=300  \\$a288

