=LDR  00000nam a2200000Ia 4500
=008  150128s9999||||xx\||||||||||||||\||und||
=041  \\$a國 語
=100  \\$aKenneth A. Ham/Paul S. Taylor
=245  \4$aThe Genesis Solution
=260  \\$a美國
=260  \\$bBaker Book House
=300  \\$a125

