=LDR  00000nam a2200000Ia 4500
=008  150128s9999||||xx\||||||||||||||\||und||
=041  \\$a英 語
=100  \\$aKenneth A. Ham
=245  \\$aGenesis and The Decay of The Nations
=260  \\$a美國
=260  \\$bMaster Books Pulbishers
=300  \\$a81

