=LDR  00000nam a2200000Ia 4500
=008  150128s9999||||xx\||||||||||||||\||und||
=041  \\$a英 語
=100  \\$aHenry M. Morris/Gary E. Parker
=245  \\$aWhat Is Creation Science?
=260  \\$a美國
=260  \\$bMaster Books
=300  \\$a331

