=LDR  00000nam a2200000Ia 4500
=008  150128s9999||||xx\||||||||||||||\||und||
=041  \\$a英 語
=100  \\$aDavid C.C Watson
=245  \\$aMyths & Miracles
=260  \\$a美國
=260  \\$bCreation Science Foundation Ltd.
=300  \\$a118

