=LDR  00000nam a2200000Ia 4500
=008  150128s9999||||xx\||||||||||||||\||und||
=041  \\$a英 語
=100  \\$aCorrie Ten Boon
=245  \4$aThe Hiding Place
=260  \\$a"Old Tappan, NJ"
=260  \\$bFleming H. Revell Company
=300  \\$a241

