=LDR  00000nam a2200000Ia 4500
=008  150128s9999||||xx\||||||||||||||\||und||
=100  \\$a卓 懋 祺 ?救 世 傳 播 協 會
=245  \\$a最 長 的 一 日
=260  \\$a0
=260  \\$b1998

