=LDR  00000nam a2200000Ia 4500
=008  150128s9999||||xx\||||||||||||||\||und||
=041  \\$a國 語
=100  \\$a楊 鶴 成
=245  \\$a槍 聲 響 起
=260  \\$a台 灣
=260  \\$b傳 神
=300  \\$a46M.

