=LDR  00000nam a2200000Ia 4500
=008  150128s9999||||xx\||||||||||||||\||und||
=041  \\$a國 語
=100  \\$a李 前 明
=245  \\$a從 練 功 到 破 功
=260  \\$a台 灣
=260  \\$b傳 神
=300  \\$a43M.

