=LDR  00000nam a2200000Ia 4500
=008  150128s9999||||xx\||||||||||||||\||und||
=041  \\$a國 語
=100  \\$a譚 天 鈞
=245  \\$a祈 禱 的 醫 生 譚 天 鈞
=260  \\$a美 國 紐 約
=260  \\$b角 聲
=300  \\$a25M.

