=LDR  00000nam a2200000Ia 4500
=008  150128s9999||||xx\||||||||||||||\||und||
=100  \\$a校 園
=245  \\$a但 以 理 書(原書名:萬 王 之 王 -但 以 理 書 信 息 )?0
=260  \\$a215p.
=260  \\$b1997

