=LDR  00000nam a2200000Ia 4500
=008  150128s9999||||xx\||||||||||||||\||und||
=041  \\$a國 語
=100  \\$a"White, John"
=245  \\$a內 在 革 命 - 生 命 深 層 的 蛻 變
=260  \\$a香 港
=260  \\$b學 生 福 音 團 契
=300  \\$a240p.

