=LDR  00000nam a2200000Ia 4500
=008  150128s9999||||xx\||||||||||||||\||und||
=041  \\$a國 語
=100  \\$a"Davis, Phil"
=245  \\$a從 未 貼 近 父 的 心
=260  \\$a香 港
=260  \\$b學 生 福 音 團 契
=300  \\$a255p.

