=LDR  00000nam a2200000Ia 4500
=008  150128s9999||||xx\||||||||||||||\||und||
=041  \\$a國 語
=100  \\$a"Jones, Martyn Lloyd"
=245  \\$a不 可 言 喻 的 喜 樂 - 認 識 聖 靈 的 洗
=260  \\$a台 灣
=260  \\$b校 園
=300  \\$a256p.

