=LDR  00000nam a2200000Ia 4500
=008  150128s9999||||xx\||||||||||||||\||und||
=041  \\$a國 語
=100  \\$a音 契 合 唱 管 弦 樂 團
=245  \\$a日 出 台 灣
=260  \\$a台 灣
=260  \\$b聞 聲
=300  \\$a0

