=LDR  00000nam a2200000Ia 4500
=008  150128s9999||||xx\||||||||||||||\||und||
=041  \\$a國 語
=100  \\$a劉 瑞 賢
=245  \\$a在 主 翅 膀 下
=260  \\$a台 灣
=260  \\$b綠 洲
=300  \\$a"71'07"""

