=LDR  00000nam a2200000Ia 4500
=008  150128s9999||||xx\||||||||||||||\||und||
=041  \\$a國 語
=100  \\$a紀 惟 明
=245  \\$a原 生 家 庭 對 親 子 關 係 的 影 響
=260  \\$a台 灣
=260  \\$b佳 音 電 台
=300  \\$a0

