=LDR  00000nam a2200000Ia 4500
=008  150128s9999||||xx\||||||||||||||\||und||
=041  \\$a國 語
=100  \\$a黃 維 仁
=245  \\$a原 生 家 庭 對 人 生 的 影 響(下)
=260  \\$a台 灣
=260  \\$b佳 音 電 台
=300  \\$a0

