=LDR  00000nam a2200000Ia 4500
=008  150128s9999||||xx\||||||||||||||\||und||
=041  \\$a國 語
=100  \\$a阿 星
=245  \\$a阿 星 找 到 救 星
=260  \\$a台 灣
=260  \\$b佳 音 電 台
=300  \\$a0

