=LDR  00000nam a2200000Ia 4500
=008  150128s9999||||xx\||||||||||||||\||und||
=041  \\$a台 語
=100  \\$a葉 明 翰
=245  \\$a逢 凶 化 吉-揭 開 紅 色 文 化 的 秘 密
=260  \\$a台 灣
=260  \\$b佳 音 電 台
=300  \\$a0

