=LDR  00000nam a2200000Ia 4500
=008  150128s9999||||xx\||||||||||||||\||und||
=041  \\$a台 語
=100  \\$a葉 明 翰
=245  \\$a名 與 命 的 奧 秘 (上)
=260  \\$a台 灣
=260  \\$b佳 音 電 台
=300  \\$a0

