=LDR  00000nam a2200000Ia 4500
=008  150128s9999||||xx\||||||||||||||\||und||
=041  \\$a台 語
=100  \\$a葉 明 翰
=245  \\$a良 辰 吉 時  - 揭 開 黃 道 吉 日 的 秘 密
=260  \\$a台 灣
=260  \\$b佳 音 電 台
=300  \\$a0

