=LDR  00000nam a2200000Ia 4500
=008  150128s9999||||xx\||||||||||||||\||und||
=041  \\$a國 語
=100  \\$a黃 維 仁
=245  \\$a外 遇 危 機 與 防 治 (下)
=260  \\$a台 灣
=260  \\$b佳 音 電 台
=300  \\$a0

