=LDR  00000nam a2200000Ia 4500
=008  150128s9999||||xx\||||||||||||||\||und||
=041  \\$a國 語
=100  \\$a黃 維 仁
=245  \\$a婚 姻 重 建 的 要 素 (下)
=260  \\$a台 灣
=260  \\$b靈 糧 堂
=300  \\$a0

