=LDR  00000nam a2200000Ia 4500
=008  150128s9999||||xx\||||||||||||||\||und||
=041  \\$a國 語
=100  \\$a張 鈞
=245  \\$a做 情 緒 的 主 人
=260  \\$a台 灣
=260  \\$b靈 糧 堂
=300  \\$a0

