=LDR  00000nam a2200000Ia 4500
=008  150128s9999||||xx\||||||||||||||\||und||
=041  \\$a國 語
=100  \\$a馮 志 梅
=245  \\$a化 干 戈 為 玉 帛(一)-化 解 衝 突
=260  \\$a台 灣
=260  \\$b學 園
=300  \\$a0

