=LDR  00000nam a2200000Ia 4500
=008  150128s9999||||xx\||||||||||||||\||und||
=041  \\$a國 語
=100  \\$a馮 志 梅
=245  \\$a魅 力 其 實 很 簡 單
=260  \\$a台 灣
=260  \\$b學 園
=300  \\$a0

