=LDR  00000nam a2200000Ia 4500
=008  150128s9999||||xx\||||||||||||||\||und||
=041  \\$a國 語
=100  \\$a胡 歐 蘭 ； 陳 雪 華
=245  \\$a母 親 的 遺 產 ； 工 作 與 家 庭
=260  \\$a台 灣
=260  \\$b靈 糧 堂
=300  \\$a0

