=LDR  00000nam a2200000Ia 4500
=008  150128s9999||||xx\||||||||||||||\||und||
=041  \\$a台 語
=100  \\$a翁 景 民
=245  \\$a贏 得 一 生
=260  \\$a台 灣
=260  \\$b靈 糧 堂
=300  \\$a0

