=LDR  00000nam a2200000Ia 4500
=008  150128s9999||||xx\||||||||||||||\||und||
=041  \\$a國 語
=100  \\$a顧 懷 德
=245  \\$a死 裏 復 活
=260  \\$a台 灣
=260  \\$b靈 糧 堂
=300  \\$a0

