=LDR  00000nam a2200000Ia 4500
=008  150128s9999||||xx\||||||||||||||\||und||
=041  \\$a國 語
=100  \\$a洪 文 ； 蘇 秀 卿
=245  \\$a酒 徒 變 門 徒； 失 眠 得 安 眠
=260  \\$a台 灣
=260  \\$b靈 糧 堂
=300  \\$a0

