=LDR  00000nam a2200000Ia 4500
=008  150128s9999||||xx\||||||||||||||\||und||
=041  \\$a國 語
=100  \\$a謝 炳 富
=245  \\$a謝 絕 仇 恨
=260  \\$a台 灣
=260  \\$b佳 音
=300  \\$a0

