=LDR  00000nam a2200000Ia 4500
=008  150128s9999||||xx\||||||||||||||\||und||
=041  \\$a國 語
=100  \\$a簡 春 安
=245  \\$a婚 姻 老 實 說
=260  \\$a台 灣
=260  \\$b宇 宙 光
=300  \\$a216p.

