=LDR  00000nam a2200000Ia 4500
=008  150128s9999||||xx\||||||||||||||\||und||
=041  \\$a國 語
=100  \\$a葉 高 芳
=245  \\$a婚 姻 大 補 帖
=260  \\$a台 灣
=260  \\$b宇 宙 光
=300  \\$a296p.

