=LDR  00000nam a2200000Ia 4500
=008  150128s9999||||xx\||||||||||||||\||und||
=041  \\$a國 語
=100  \\$a魏 悌 香 ； 李 愛 蓮
=245  \\$a心 靈 驛 站
=260  \\$a台 灣
=260  \\$b基 督 教 蒲 公 英 協 會
=300  \\$a368p.

