=LDR  00000nam a2200000Ia 4500
=008  150128s9999||||xx\||||||||||||||\||und||
=041  \\$a國 語
=100  \\$a佐 藤   彰
=245  \\$a信 仰 邊 看 邊 學
=260  \\$a台 灣
=260  \\$b校 園
=300  \\$a173p.

