=LDR  00000nam a2200000Ia 4500
=008  150128s9999||||xx\||||||||||||||\||und||
=041  \\$a國 語
=100  \\$a石 田   弘
=245  \\$a聖 經 好 看 好 懂
=260  \\$a台 灣
=260  \\$b校 園
=300  \\$a173p.

