=LDR  00000nam a2200000Ia 4500
=008  150128s9999||||xx\||||||||||||||\||und||
=041  \\$a國 語
=100  \\$a"Carson, D.A."
=245  \\$a認 識 苦 難 的 奧 秘
=260  \\$a台 灣
=260  \\$b校 園
=300  \\$a282p.

