=LDR  00000nam a2200000Ia 4500
=008  150128s9999||||xx\||||||||||||||\||und||
=041  \\$a國 語
=100  \\$a"Pedersen, Bjorn"
=245  \\$a與 主 面 對 面﹕ 如 何 建 造 強 有 力 的 禱 告 事 工
=260  \\$a台 灣
=260  \\$b道 聲
=300  \\$a157p.

