=LDR  00000nam a2200000Ia 4500
=008  150128s9999||||xx\||||||||||||||\||und||
=041  \\$a國 語
=100  \\$a"Messina, James J,& Constance G."
=245  \\$a醫 治 受 創 的 童 年
=260  \\$a台 灣
=260  \\$b東 海 大 學 幸 福 家 庭 推 廣 中 心
=300  \\$a176p.

