=LDR  00000nam a2200000Ia 4500
=008  150128s9999||||xx\||||||||||||||\||und||
=041  \\$a國 語
=100  \\$a"Fromke, Devern"
=245  \\$a掌 握 至 高 的 特 權
=260  \\$a台 灣
=260  \\$b橄 欖
=300  \\$a185p.

