=LDR  00000nam a2200000Ia 4500
=008  150128s9999||||xx\||||||||||||||\||und||
=041  \\$a國 語
=100  \\$a林 治 平 等
=245  \\$a傳 家 愛 族
=260  \\$a台 灣
=260  \\$b宇 宙 光
=300  \\$a227p.

