=LDR  00000nam a2200000Ia 4500
=008  150128s9999||||xx\||||||||||||||\||und||
=041  \\$a國 語
=100  \\$a歐 陽 飛 鶯
=245  \\$a我 唱 香 格 里 拉
=260  \\$a台 灣
=260  \\$b宇 宙 光
=300  \\$a261p.

