=LDR  00000nam a2200000Ia 4500
=008  150128s9999||||xx\||||||||||||||\||und||
=041  \\$a國 語
=100  \\$a梁 家 麟
=245  \\$a徘 徊 於 耶 儒 之 家
=260  \\$a台 灣
=260  \\$b宇 宙 光
=300  \\$a375p.

