=LDR  00000nam a2200000Ia 4500
=008  150128s9999||||xx\||||||||||||||\||und||
=041  \\$a國 語
=100  \\$a寧 子
=245  \\$a尋 夢 者
=260  \\$a台 灣
=260  \\$b校 園
=300  \\$a344p.

