=LDR  00000nam a2200000Ia 4500
=008  150128s9999||||xx\||||||||||||||\||und||
=041  \\$a國 語
=100  \\$a"Kaiser, Jr. Walter C."
=245  \\$a聖 經 難 解 之 言 -舊 約 篇
=260  \\$a台 灣
=260  \\$b校 園
=300  \\$a246p.

