=LDR  00000nam a2200000Ia 4500
=008  150128s9999||||xx\||||||||||||||\||und||
=041  \\$a國 語
=100  \\$a張 育 明 ； 張 裕 華
=245  \\$a征 服 癌 症
=260  \\$a台 灣
=260  \\$b宇 宙 光
=300  \\$a343 p.

