=LDR  00000nam a2200000Ia 4500
=008  150128s9999||||xx\||||||||||||||\||und||
=041  \\$a英 語
=100  \\$a"Bunyan, John"
=245  \4$aThe Pilgrim's Progress
=260  \\$a"NJ, USA"
=260  \\$bThe Christian Library
=300  \\$a379p.

