=LDR  00000nam a2200000Ia 4500
=008  150128s9999||||xx\||||||||||||||\||und||
=041  \\$a英 語
=100  \\$a"Hurnard, Hannah"
=245  \\$aHind's Feet On High Places
=260  \\$aNJ
=260  \\$bThe Christian Library
=300  \\$a254p.

