=LDR  00000nam a2200000Ia 4500
=008  150128s9999||||xx\||||||||||||||\||und||
=041  \\$a國 語
=100  \\$a"Kennedy, John W."
=245  \\$a見 證 的 火 炬
=260  \\$a台 灣
=260  \\$b提 比 哩 亞 出 版 社
=300  \\$a366p.

