=LDR  00000nam a2200000Ia 4500
=008  150128s9999||||xx\||||||||||||||\||und||
=041  \\$a國 語
=100  \\$a"Sandford, John & Paula"
=245  \\$a更 新 裏 面 的 人 (上)
=260  \\$a台 灣
=260  \\$b橄 欖
=300  \\$a199p.

