=LDR  00000nam a2200000Ia 4500
=008  150128s9999||||xx\||||||||||||||\||und||
=041  \\$a國 語
=100  \\$a劉 志 雄
=245  \\$a出 人 頭 地
=260  \\$a美 國 紐 約
=260  \\$b新 城 教 會
=300  \\$a60m.

