=LDR  00000nam a2200000Ia 4500
=008  150128s9999||||xx\||||||||||||||\||und||
=041  \\$a國 語
=100  \\$a"Lockyer, Herbert"
=245  \\$a聖 經 中 全 備 的 祈 禱
=260  \\$a台 灣
=260  \\$b主 日 學
=300  \\$a441p.

