=LDR  00000nam a2200000Ia 4500
=008  150128s9999||||xx\||||||||||||||\||und||
=041  \\$a國 語
=100  \\$a"Cloud, Henry"
=245  \\$a改 變 帶 來 的 醫 治
=260  \\$a台 灣
=260  \\$b學 園
=300  \\$a262p.

