=LDR  00000nam a2200000Ia 4500
=008  150128s9999||||xx\||||||||||||||\||und||
=041  \\$a國 語
=100  \\$a林 鴻 信
=245  \\$a加 爾 文 神 學
=260  \\$a台 灣
=260  \\$b禮 記
=300  \\$a284p.

