=LDR  00000nam a2200000Ia 4500
=008  150128s9999||||xx\||||||||||||||\||und||
=041  \\$a國 語
=100  \\$a劭 正 宏
=245  \\$a高 興 貓 王 繆 學 理 傳 奇
=260  \\$a台 灣
=260  \\$b宇 宙 光
=300  \\$a93p.

