=LDR  00000nam a2200000Ia 4500
=008  150128s9999||||xx\||||||||||||||\||und||
=041  \\$a國 語
=100  \\$a"Parrot, Les Ⅲ"
=245  \\$a伴 青 少 年 渡 過 掙 扎 期
=260  \\$a台 灣
=260  \\$b橄 欖
=300  \\$a371p.

