=LDR  00000nam a2200000Ia 4500
=008  150128s9999||||xx\||||||||||||||\||und||
=041  \\$a國 語
=100  \\$a"Bailey, Faith Coxe"
=245  \\$a緬 甸 拓 荒 先 鋒 - 耶 德 遜
=260  \\$a香 港
=260  \\$b大 使 命 基 督 徒 團 契
=300  \\$a168p.

