=LDR  00000nam a2200000Ia 4500
=008  150128s9999||||xx\||||||||||||||\||und||
=041  \\$a國 語
=100  \\$a"Harwell, Amy"
=245  \\$a真 愛 傳 真 情 - 如 何 幫 助 癌 症 病 人
=260  \\$a台 灣
=260  \\$b校 園
=300  \\$a149p.

