=LDR  00000nam a2200000Ia 4500
=008  150128s9999||||xx\||||||||||||||\||und||
=041  \\$a國 語
=100  \\$a楊 淑 琴 ，  龔 振 成 ，  楊 其 好
=245  \\$a患 難 情 深
=260  \\$a台 灣
=260  \\$b正 中
=300  \\$a139p.

