=LDR  00000nam a2200000Ia 4500
=008  150128s9999||||xx\||||||||||||||\||und||
=041  \\$a國 語
=100  \\$a"Blackaby, Henry T. & King, Claude V."
=245  \\$a不 再 一 樣
=260  \\$a香 港
=260  \\$b浸 信 會
=300  \\$a265p.

