=LDR  00000nam a2200000Ia 4500
=008  150128s9999||||xx\||||||||||||||\||und||
=041  \\$a國 語
=100  \\$a讚 美 之 泉 詩 班
=245  \\$a讚 美 之 泉 音 樂 崇 拜
=260  \\$a美 國  紐 約
=260  \\$b新 城 教 會
=300  \\$a60m.

