=LDR  00000nam a2200000Ia 4500
=008  150128s9999||||xx\||||||||||||||\||und||
=041  \\$a國 語
=100  \\$a"McDowell, Josh"
=245  \\$a成 熟 之 愛-夫 妻 間 愛 的 秘 訣
=260  \\$a台 灣
=260  \\$b學 園
=300  \\$a220p.

