=LDR  00000nam a2200000Ia 4500
=008  150128s9999||||xx\||||||||||||||\||und||
=041  \\$a國 語
=100  \\$a"Barclay, William"
=245  \\$a腓 立 比 書 、 歌 羅 西 書 、 帖 撒 羅 尼 迦 前 後 書 注 釋
=260  \\$a香 港
=260  \\$b文 藝
=300  \\$a280p.

