=LDR  00000nam a2200000Ia 4500
=008  150128s9999||||xx\||||||||||||||\||und||
=041  \\$a英 語
=100  \\$a"Vernon, Robert & Johnson,Ken C."
=245  \2$aA Fine Feathered Frenzy
=260  \\$a"Colrado Spring, Co."
=260  \\$bFocus on the Family
=300  \\$a30M.

