=LDR  00000nam a2200000Ia 4500
=008  150128s9999||||xx\||||||||||||||\||und||
=041  \\$a英 語
=100  \\$a"Johnson,Ken C."
=245  \4$aThe Knight Travellers
=260  \\$a"Colrado Spring, Co."
=260  \\$bFocus on the Family
=300  \\$a30M.

