=LDR  00000nam a2200000Ia 4500
=008  150128s9999||||xx\||||||||||||||\||und||
=041  \\$a英 語
=245  \\$aEaster Is
=260  \\$a"Worcester, PA"
=260  \\$bFamily Films
=300  \\$a25M.

