=LDR  00000nam a2200000Ia 4500
=008  150128s9999||||xx\||||||||||||||\||und||
=041  \\$a英 語
=100  \\$a"Cochran, Brian"
=245  \4$aThe Easter Promise
=260  \\$aUSA
=260  \\$bChristian Broadcasting Network
=300  \\$a45M.

