=LDR  00000nam a2200000Ia 4500
=008  150128s9999||||xx\||||||||||||||\||und||
=041  \\$a國 語
=245  \\$a交 叉 路 口 的 挑 戰
=260  \\$a紐 約
=260  \\$b新 城 教 會
=300  \\$a120M.

