=LDR  00000nam a2200000Ia 4500
=008  150128s9999||||xx\||||||||||||||\||und||
=041  \\$a英 語
=245  \\$a"""Why Do People Quit Liking Each Other?"""
=260  \\$a"Irving, TX"
=260  \\$bHome Sweet Home Educational Media Co.
=300  \\$a0

