=LDR  00000nam a2200000Ia 4500
=008  150128s9999||||xx\||||||||||||||\||und||
=041  \\$a英 語
=100  \\$a"Tsai, Christiana"
=245  \\$aJewels from the Queen of the Dark Chamber
=260  \\$a"Paradise, PA"
=260  \\$b"Ambassdors For Christ, Inc."
=300  \\$a0

