=LDR  00000nam a2200000Ia 4500
=008  150128s9999||||xx\||||||||||||||\||und||
=041  \\$a英 語
=100  \\$a"Hamilton, Pauline G."
=245  \\$aTo a different Drum
=260  \\$aSingarpore
=260  \\$bOMF
=300  \\$a317p.

