=LDR  00000nam a2200000Ia 4500
=008  150128s9999||||xx\||||||||||||||\||und||
=041  \\$a國 語
=245  \\$a讚 美 吟 詩 聖 詩 伴 唱 （ 四 ） （ 國 語 ）
=260  \\$a台 灣
=260  \\$b基 督 門 徒 服 務 團
=300  \\$a0

