=LDR  00000nam a2200000Ia 4500
=008  150128s9999||||xx\||||||||||||||\||und||
=041  \\$a英 語
=245  \4$aThe Parables
=260  \\$aUSA
=260  \\$bVideo communication
=300  \\$a0

