=LDR  00000nam a2200000Ia 4500
=008  150128s9999||||xx\||||||||||||||\||und||
=041  \\$a英 語
=245  \4$aThe Mircles of Jesus
=260  \\$aUSA
=260  \\$b"Hanna Barbera Production, Inc."
=300  \\$a30M.

