=LDR  00000nam a2200000Ia 4500
=008  150128s9999||||xx\||||||||||||||\||und||
=041  \\$a英 語
=100  \\$a"Murray, Andrew"
=245  \\$aAbsolute Surrender
=260  \\$aUSA
=260  \\$bWhitaker House
=300  \\$a139p.

