=LDR  00000nam a2200000Ia 4500
=008  150128s9999||||xx\||||||||||||||\||und||
=041  \\$a英 語
=100  \\$a"Noebel, David A."
=245  \\$aUnderstanding the Times
=260  \\$a"Eugene, Oregon"
=260  \\$bHarvest House
=300  \\$a891p.

