=LDR  00000nam a2200000Ia 4500
=008  150128s9999||||xx\||||||||||||||\||und||
=041  \\$a國 語
=100  \\$a"Drane, John"
=245  \\$a早 期 教 會 生 活
=260  \\$a台 灣
=260  \\$b校 園
=300  \\$a134p.

