=LDR  00000nam a2200000Ia 4500
=008  150128s9999||||xx\||||||||||||||\||und||
=041  \\$a國 語
=100  \\$a"Meyer, F.B."
=245  \\$a雅各-神的王子以色列
=260  \\$a美國
=260  \\$b活 泉
=300  \\$a158p

