=LDR  00000nam a2200000Ia 4500
=008  150128s9999||||xx\||||||||||||||\||und||
=041  \\$a國 語
=100  \\$a"Meyer, F.B."
=245  \\$a約 瑟 — 一 個 被 愛 、 被 憎  、 被 高 舉 的 人
=260  \\$a美 國
=260  \\$b活 泉
=300  \\$a150p.

