=LDR  00000nam a2200000Ia 4500
=008  150128s9999||||xx\||||||||||||||\||und||
=041  \\$a國 語
=100  \\$a.
=245  \\$a所多瑪與娥摩拉—傳說或真實？
=260  \\$a台灣
=260  \\$b傳神
=300  \\$a0

