=LDR  00000nam a2200000Ia 4500
=008  150128s9999||||xx\||||||||||||||\||und||
=041  \\$a國 語
=100  \\$a王長新
=245  \\$a又四十年
=260  \\$a加拿大
=260  \\$b福音出版社
=300  \\$a363p.

