=LDR  00000nam a2200000Ia 4500
=008  150128s9999||||xx\||||||||||||||\||und||
=041  \\$a國 語
=100  \\$a"Hamilton, Pauline"
=245  \\$a祂 是 — 韓 婆 婆 傳
=260  \\$a台 灣
=260  \\$b校 園
=300  \\$a255p.

