=LDR  00000nam a2200000Ia 4500
=008  150128s9999||||xx\||||||||||||||\||und||
=041  \\$a國 語
=100  \\$a"Stoop, David/Masteller, James"
=245  \\$a饒 恕 -生 命 更 新 的 祕 訣
=260  \\$a台 灣
=260  \\$b校 園
=300  \\$a299p.

