=LDR  00000nam a2200000Ia 4500
=008  150128s9999||||xx\||||||||||||||\||und||
=041  \\$a國 語
=100  \\$a楊 淑 琴 等
=245  \\$a患 難 情 深 -向 癌 宣 戰
=260  \\$a台 灣
=260  \\$b正 中
=300  \\$a131p.

