=LDR  00000nam a2200000Ia 4500
=008  150128s9999||||xx\||||||||||||||\||und||
=041  \\$a國 語
=100  \\$a張 文 亮
=245  \\$a科 學 大 師 的 求 學 戀 愛 與 理 念
=260  \\$a台 灣
=260  \\$b校 園
=300  \\$a214p.

