=LDR  00000nam a2200000Ia 4500
=008  150128s9999||||xx\||||||||||||||\||und||
=041  \\$a國 語
=100  \\$a張 文 亮
=245  \\$a我 聽 見 石 頭 在 唱 歌
=260  \\$a台 灣
=260  \\$b校 園
=300  \\$a257p.

