=LDR  00000nam a2200000Ia 4500
=008  150128s9999||||xx\||||||||||||||\||und||
=041  \\$a國 語
=100  \\$a"Chapman, Gary"
=245  \\$a愛 之 語 -兩 性 溝 通 的 雙 贏 策 略
=260  \\$a台 灣
=260  \\$b主 日 學
=300  \\$a246p.

