=LDR  00000nam a2200000Ia 4500
=008  150128s9999||||xx\||||||||||||||\||und||
=041  \\$a國 語
=100  \\$a李前明
=245  \\$a從練功到破功
=260  \\$a台北
=260  \\$b傳神
=300  \\$a43m.

