=LDR  00000nam a2200000Ia 4500
=008  150128s9999||||xx\||||||||||||||\||und||
=041  \\$a國 語
=100  \\$a陳 成 貴 、 呂 院 雅
=245  \\$a愛是永不止息
=260  \\$a台灣
=260  \\$b浸傳
=300  \\$a41m.

