=LDR  00000nam a2200000Ia 4500
=008  150128s9999||||xx\||||||||||||||\||und||
=041  \\$a國 語
=100  \\$a陳 安 妮
=245  \\$a我 知 誰 掌 管 明 天
=260  \\$a台 灣
=260  \\$b傳 神
=300  \\$a35M.

