=LDR  00000nam a2200000Ia 4500
=008  150128s9999||||xx\||||||||||||||\||und||
=041  \\$a國 語
=100  \\$a馬 有 藻
=245  \\$a新 約 概 論
=260  \\$a台 灣
=260  \\$b中 信
=300  \\$a452p.

