=LDR  00000nam a2200000Ia 4500
=008  150128s9999||||xx\||||||||||||||\||und||
=041  \\$a國 語
=100  \\$a唐 崇 榮
=245  \\$a聖 靈 、 良 心 或 撒 旦 的 聲 音
=260  \\$a台 灣
=260  \\$b中 福
=300  \\$a288p.

