=LDR  00000nam a2200000Ia 4500
=008  150128s9999||||xx\||||||||||||||\||und||
=041  \\$a國 語
=100  \\$a"Barnes, Robert & Rosemary"
=245  \\$a傾 心 吐 意 -與 愛 侶 一 起 開 敞 溝 通 之 門
=260  \\$a香 港
=260  \\$b天 道
=300  \\$a216p.

