=LDR  00000nam a2200000Ia 4500
=008  150128s9999||||xx\||||||||||||||\||und||
=041  \\$a國 語
=100  \\$a"Moltmann, Jurgen"
=245  \\$a當 代 的 基 督
=260  \\$a台 灣
=260  \\$b基 文
=300  \\$a157p.

