=LDR  00000nam a2200000Ia 4500
=008  150128s9999||||xx\||||||||||||||\||und||
=041  \\$a英 語
=245  \\$a讚美吟詩(5)
=260  \\$a台 灣
=260  \\$b大 門 文 化 有 限 公 司
=300  \\$a0

