=LDR  00000nam a2200000Ia 4500
=008  150128s9999||||xx\||||||||||||||\||und||
=041  \\$a國 語
=100  \\$a"Meyer, F.B."
=245  \\$a保 羅 -基 督 的 僕 人
=260  \\$a美 國
=260  \\$b活 泉
=300  \\$a181p.

