=LDR  00000nam a2200000Ia 4500
=008  150128s9999||||xx\||||||||||||||\||und||
=041  \\$a國 語
=100  \\$a"Narramore, Clyde M."
=245  \\$a輔 導 心 理 學
=260  \\$a香 港
=260  \\$b證 主
=300  \\$a270p.

