=LDR  00000nam a2200000Ia 4500
=008  150128s9999||||xx\||||||||||||||\||und||
=041  \\$a國 語
=100  \\$a"Lahaye, Beverly"
=245  \\$a更 新 的 女 性
=260  \\$a香 港
=260  \\$b種 籽
=300  \\$a190p.

