=LDR  00000nam a2200000Ia 4500
=008  150128s9999||||xx\||||||||||||||\||und||
=041  \\$a國 語
=100  \\$a安 娜 婕 .肯 貝 爾
=245  \\$a傾 聽 枕 邊 語
=260  \\$a台 灣
=260  \\$b宇 宙 光
=300  \\$a137p.

