=LDR  00000nam a2200000Ia 4500
=008  150128s9999||||xx\||||||||||||||\||und||
=041  \\$a國 語
=100  \\$a"Hunt, T.W."
=245  \\$a禱 告 的 生 活
=260  \\$a"Nashville, Tennessee"
=260  \\$b美 南 浸 信 會 主 日 學 出 版 部
=300  \\$a126p.

