=LDR  00000nam a2200000Ia 4500
=008  150128s9999||||xx\||||||||||||||\||und||
=041  \\$a國 語
=100  \\$a"Johnson, Phillip E."
=245  \\$a審 判 達 爾 文
=260  \\$a"Petaluma, CA"
=260  \\$b中 信
=300  \\$a244p.

