=LDR  00000nam a2200000Ia 4500
=008  150128s9999||||xx\||||||||||||||\||und||
=041  \\$a國 語
=100  \\$a"Sider, Ronale J."
=245  \\$a財 主 與 窮 人 -饑 餓 時 代 的 富 有 基 督 徒
=260  \\$a"El Monte, CA"
=260  \\$b台 福
=300  \\$a317p.

