=LDR  00000nam a2200000Ia 4500
=008  150128s9999||||xx\||||||||||||||\||und||
=041  \\$a國 語
=100  \\$a"Graham, Billy"
=245  \\$a聖 靈
=260  \\$a"E.Brunswick, NJ"
=260  \\$b更 新
=300  \\$a320p.

