=LDR  00000nam a2200000Ia 4500
=008  150128s9999||||xx\||||||||||||||\||und||
=041  \\$a國 語
=100  \\$a"Rudy, John H."
=245  \\$a與 錢 共 舞 -二 十 一 世 紀 的 金 錢 智 慧 觀
=260  \\$a台 灣
=260  \\$b橄 欖
=300  \\$a153p.

