=LDR  00000nam a2200000Ia 4500
=008  150128s9999||||xx\||||||||||||||\||und||
=041  \\$a國 語
=100  \\$a"Copland, G."
=245  \\$a你 可 以 確 實 為 別 人 代 禱
=260  \\$a台 灣
=260  \\$b橄 欖
=300  \\$a98p.

