=LDR  00000nam a2200000Ia 4500
=008  150128s9999||||xx\||||||||||||||\||und||
=041  \\$a國 語
=100  \\$a鄭 慧 雯
=245  \\$a生 命 之 始
=260  \\$a香 港
=260  \\$b成 長 綜 合 服 務 中 心
=300  \\$a141p.

