=LDR  00000nam a2200000Ia 4500
=008  150128s9999||||xx\||||||||||||||\||und||
=041  \\$a國 語
=100  \\$a"Messina, James"
=245  \\$a快 樂 親 職 50 招
=260  \\$a台 灣
=260  \\$b天 恩
=300  \\$a84p.

