=LDR  00000nam a2200000Ia 4500
=008  150128s9999||||xx\||||||||||||||\||und||
=041  \\$a國 語
=100  \\$a楊 牧 谷
=245  \\$a家 庭 學 狂 狂 想
=260  \\$a香 港
=260  \\$b更 新 資 源
=300  \\$a351p.

