=LDR  00000nam a2200000Ia 4500
=008  150128s9999||||xx\||||||||||||||\||und||
=041  \\$a國 語
=100  \\$a何 曉 東
=245  \\$a澹 泊 自 甘 看 人 生
=260  \\$a台 灣
=260  \\$b橄 欖
=300  \\$a256p.

