=LDR  00000nam a2200000Ia 4500
=008  150128s9999||||xx\||||||||||||||\||und||
=041  \\$a國 語
=100  \\$a馬 有 藻 、 張 西 平
=245  \\$a新 約 導 讀
=260  \\$a台 灣
=260  \\$b天 恩
=300  \\$a274p.

