=LDR  00000nam a2200000Ia 4500
=008  150128s9999||||xx\||||||||||||||\||und||
=041  \\$a國 語
=100  \\$a"Sjogren, Steve"
=245  \\$a福 音 出 擊
=260  \\$a台 灣
=260  \\$b天 恩
=300  \\$a237p.

