=LDR  00000nam a2200000Ia 4500
=008  150128s9999||||xx\||||||||||||||\||und||
=041  \\$a國 語
=100  \\$a"Sprunger, Ben...etc."
=245  \\$a進 退 兩 難 -職 場 倫 理 探 討
=260  \\$a台 灣
=260  \\$b橄 欖
=300  \\$a117p.

