=LDR  00000nam a2200000Ia 4500
=008  150128s9999||||xx\||||||||||||||\||und||
=041  \\$a國 語
=100  \\$a"MacDanald, Gordon"
=245  \\$a男 人 ， 你 是 誰 -解 讀 男 人 隱 秘 的 心 靈 世 界
=260  \\$a台 灣
=260  \\$b主 日 學
=300  \\$a455p.

