=LDR  00000nam a2200000Ia 4500
=008  150128s9999||||xx\||||||||||||||\||und||
=041  \\$a國 語
=100  \\$a"Nair, Ken"
=245  \\$a探 索 女 人 心 - 成 為 「 新 好 丈 夫  」的 秘 訣
=260  \\$a台 灣
=260  \\$b主 日 學
=300  \\$a344p.

