=LDR  00000nam a2200000Ia 4500
=008  150128s9999||||xx\||||||||||||||\||und||
=041  \\$a國 語
=100  \\$a"Bunyan, John"
=245  \\$a天 路 歷 程
=260  \\$a香 港
=260  \\$b文 藝
=300  \\$a322p.

