=LDR  00000nam a2200000Ia 4500
=008  150128s9999||||xx\||||||||||||||\||und||
=041  \\$a國 語
=100  \\$a蘭 棣 、 學 蓉
=245  \\$a夢 醒 時 分
=260  \\$a台 灣
=260  \\$b傳 神
=300  \\$a41M.

