=LDR  00000nam a2200000Ia 4500
=008  150128s9999||||xx\||||||||||||||\||und||
=041  \\$a國 語
=100  \\$a遠 志 明
=245  \\$a老 子 VS.聖 經
=260  \\$a台 灣
=260  \\$b宇 宙 光
=300  \\$a431p.

