=LDR  00000nam a2200000Ia 4500
=008  150128s9999||||xx\||||||||||||||\||und||
=041  \\$a國 語
=100  \\$a葉 秀 敏
=245  \\$a最 快 樂 的 女 人
=260  \\$a台 灣
=260  \\$b傳 神
=300  \\$a44M.

