=LDR  00000nam a2200000Ia 4500
=008  150128s9999||||xx\||||||||||||||\||und||
=041  \\$a國 語
=100  \\$a"Bennett, william J."
=245  \\$a美 德 書
=260  \\$a台 灣
=260  \\$b圓 神
=300  \\$a1310p.

