=LDR  00000nam a2200000Ia 4500
=008  150128s9999||||xx\||||||||||||||\||und||
=041  \\$a國 語
=100  \\$a"Nystrom, Carolyn"
=245  \\$a住 在 我 裏 面 的 聖 靈
=260  \\$a台 灣
=260  \\$b主 日 學
=300  \\$a0

