=LDR  00000nam a2200000Ia 4500
=008  150128s9999||||xx\||||||||||||||\||und||
=041  \\$a國 語
=100  \\$a"Nystrom, Carolyn"
=245  \\$a禱 告 是 什 麼  ？
=260  \\$a台 灣
=260  \\$b主 日 學
=300  \\$a0

