=LDR  00000nam a2200000Ia 4500
=008  150128s9999||||xx\||||||||||||||\||und||
=041  \\$a國 語
=100  \\$a李 鴻 標
=245  \\$a每 週 恩 言 (1)
=260  \\$a香 港
=260  \\$b道 聲
=300  \\$a0

