=LDR  00000nam a2200000Ia 4500
=008  150128s9999||||xx\||||||||||||||\||und||
=041  \\$a國 語
=100  \\$a黃 迺 毓 、 李 坤 珊 、 王 碧 華
=245  \\$a童 書 非 童 書 -給 希 望 孩 子 看 書 的 父 母
=260  \\$a台 灣
=260  \\$b宇 宙 光
=300  \\$a279p.

