=LDR  00000nam a2200000Ia 4500
=008  150128s9999||||xx\||||||||||||||\||und||
=041  \\$a國 語
=100  \\$a"Nouwen, Henri J.M."
=245  \\$a負 傷 的 治 療 者
=260  \\$a香 港
=260  \\$b基 道
=300  \\$a104p.

