=LDR  00000nam a2200000Ia 4500
=008  150128s9999||||xx\||||||||||||||\||und||
=041  \\$a國 語
=100  \\$a黃 文 雄
=245  \\$a吾 家 兒 女 初 長 成
=260  \\$a美 國
=260  \\$b台 福
=300  \\$a233p.

