=LDR  00000nam a2200000Ia 4500
=008  150128s9999||||xx\||||||||||||||\||und||
=041  \\$a國 語
=100  \\$a"Linn, Dennis; Linn, Matthew"
=245  \\$a記 憶 治 療
=260  \\$a香 港
=260  \\$b基 道
=300  \\$a106p.

