=LDR  00000nam a2200000Ia 4500
=008  150128s9999||||xx\||||||||||||||\||und||
=041  \\$a國 語
=100  \\$a"Tan, Peter"
=245  \\$a恩 膏 無 價 - 認 識 恩 膏 的 寶 貴
=260  \\$a台 灣
=260  \\$b橄 欖
=300  \\$a106p.

