=LDR  00000nam a2200000Ia 4500
=008  150128s9999||||xx\||||||||||||||\||und||
=041  \\$a國 語
=100  \\$aDONALD GUTHRIE
=245  \\$aNEW TESTAMENT INTRODUCTION
=260  \\$a美國
=260  \\$bINTERVARSITY PRESS
=300  \\$a0

