=LDR  00000nam a2200000Ia 4500
=008  150128s9999||||xx\||||||||||||||\||und||
=041  \\$a英 語
=100  \\$aJOHN PIPER
=245  \\$aDESIRING GOD
=260  \\$a美國
=260  \\$bQUESTAR PUBLISHERS
=300  \\$a0

