=LDR  00000nam a2200000Ia 4500
=008  150128s9999||||xx\||||||||||||||\||und||
=041  \\$a英 語
=100  \\$aBILL HYBELS & MARK MITTELBERG
=245  \\$aBECOMING A CONTAGIOUS CHRISTIAN
=260  \\$a美國
=260  \\$bZONDERVAN PUBLISHING HOUSE
=300  \\$a0

