=LDR  00000nam a2200000Ia 4500
=008  150128s9999||||xx\||||||||||||||\||und||
=041  \\$a英 語
=100  \\$aPAUL E. LITTLE
=245  \\$aKNOW WHAT YOU BELIEVE
=260  \\$a美國
=260  \\$bCHARIOT VICTOR PUBLISHING
=300  \\$a0

