=LDR  00000nam a2200000Ia 4500
=008  150128s9999||||xx\||||||||||||||\||und||
=041  \\$a英 語
=100  \\$aR.C. SPROUL
=245  \\$aTHE INVISIBLE HAND
=260  \\$a美國
=260  \\$bWORD PUBLISHING
=300  \\$a0

