=LDR  00000nam a2200000Ia 4500
=008  150128s9999||||xx\||||||||||||||\||und||
=041  \\$a英 語
=100  \\$aKENNETH SCOTT LATOURETTE
=245  \2$aA HISTORY OF CHRISTIANITY VOL.2
=260  \\$a美國
=260  \\$bPRINCE PRES
=300  \\$a0

