=LDR  00000nam a2200000Ia 4500
=008  150128s9999||||xx\||||||||||||||\||und||
=041  \\$a英 語
=100  \\$aWALTER WANGERIN JR.
=245  \\$aWHOLE PRAYER
=260  \\$a美國
=260  \\$bZONDERVAN
=300  \\$a0

