=LDR  00000nam a2200000Ia 4500
=008  150128s9999||||xx\||||||||||||||\||und||
=041  \\$a英 語
=100  \\$aBILL HYBELS
=245  \\$aTOO BUSY NOT TO PRAY
=260  \\$a美國
=260  \\$bINTERVARSITY HOUSE
=300  \\$a0

