=LDR  00000nam a2200000Ia 4500
=008  150128s9999||||xx\||||||||||||||\||und||
=041  \\$a英 語
=100  \\$aDENNIS & BARBARA RAINEY/BRUCE NYGREN
=245  \\$aPARENTING TODAY'S ADOLESCENT
=260  \\$a美國
=260  \\$bTHOMAS NELSON PUBLISHER
=300  \\$a0

