=LDR  00000nam a2200000Ia 4500
=008  150128s9999||||xx\||||||||||||||\||und||
=041  \\$a英 語
=100  \\$aROBERT E. WEBBER
=245  \\$aWORSHIP IS A VERB(2ND EDITION)
=260  \\$a美國
=260  \\$b"HENDRICKSON PUBLISHERS, INC."
=300  \\$a0

