=LDR  00000nam a2200000Ia 4500
=008  150128s9999||||xx\||||||||||||||\||und||
=041  \\$a英 語
=100  \\$aR. KENT HUGHES
=245  \\$aDISCIPLINES OF A GODLY MAN
=260  \\$a美國
=260  \\$bCROSSWAY BOOKS
=300  \\$a0

