=LDR  00000nam a2200000Ia 4500
=008  150128s9999||||xx\||||||||||||||\||und||
=041  \\$a英 語
=100  \\$aFRANK E. PERETTI
=245  \\$aTHIS PRESENT DARKNESS/PIERCING THE DARKNESS
=260  \\$a美國
=260  \\$bINSPIRATIONAL PRESS
=300  \\$a0

