=LDR  00000nam a2200000Ia 4500
=008  150128s9999||||xx\||||||||||||||\||und||
=041  \\$a英 語
=100  \\$aVineyard Music New Songs
=245  \\$aYOU SHELTER ME(SONG BOOK)
=260  \\$a美國
=260  \\$bVINEYARD

