=LDR  00000nam a2200000Ia 4500
=008  150128s9999||||xx\||||||||||||||\||und||
=041  \\$a英 語
=100  \\$aPROMISE KEEPERS
=245  \\$aRAISE THE STANDARD Part 1&2 (Song Book)
=260  \\$a美國
=260  \\$bWORD

