=LDR  00000nam a2200000Ia 4500
=008  150128s9999||||xx\||||||||||||||\||und||
=041  \\$a英 語
=100  \\$aM.K. BATCHELOR
=245  \\$aILLUSTRATED BIBLE COMPANION
=260  \\$a美國
=260  \\$bTHOMAS NELSON PUBLISHERS
=300  \\$a173

