=LDR  00000nam a2200000Ia 4500
=008  150128s9999||||xx\||||||||||||||\||und||
=041  \\$a英 語
=100  \\$aDAVID R. VEERMAN/
=245  \\$a104 Questions Children Ask about Heaven & Angels
=260  \\$a美國
=260  \\$bTyndale house
=300  \\$a104

