=LDR  00000nam a2200000Ia 4500
=008  150128s9999||||xx\||||||||||||||\||und||
=041  \\$a英 語
=100  \\$aDR. PAUL WARREN
=245  \\$aMY TODDLER (Ages 1 to 3)
=260  \\$a美國
=260  \\$bTHOMAS NELSON
=300  \\$a216

