=LDR  00000nam a2200000Ia 4500
=008  150128s9999||||xx\||||||||||||||\||und||
=041  \\$a國 語
=100  \\$aJEFF MYERS
=245  \\$aFROM PLAYPEN TO PODIUM
=260  \\$a美國
=260  \\$bNOBLE PUBLISHING
=300  \\$a212

