=LDR  00000nam a2200000Ia 4500
=008  150128s9999||||xx\||||||||||||||\||und||
=041  \\$a英 語
=100  \\$aROBERT MEISTER
=245  \\$aFATHERS
=260  \\$a美國
=260  \\$bMAREK
=300  \\$a227

