=LDR  00000nam a2200000Ia 4500
=008  150128s9999||||xx\||||||||||||||\||und||
=041  \\$a英 語
=100  \\$aCYNTHIA HEALD
=245  \\$aBECOMING A WOMAN OF EXCELLENCE
=260  \\$a美國
=260  \\$bNAVPRESS
=300  \\$a114

