=LDR  00000nam a2200000Ia 4500
=008  150128s9999||||xx\||||||||||||||\||und||
=041  \\$a英 語
=100  \\$aJEFF & DANIELLE MYERS
=245  \\$aOF KNIGHTS AND FAIR MAIDENS
=260  \\$a美國
=260  \\$bMYERS
=300  \\$a98

