=LDR  00000nam a2200000Ia 4500
=008  150128s9999||||xx\||||||||||||||\||und||
=041  \\$a英 語
=100  \\$aJOSHUA HARRIS
=245  \\$aI KISSED DATING GOODBYE
=260  \\$a美國
=260  \\$bMULTNOMAH
=300  \\$a235

