=LDR  00000nam a2200000Ia 4500
=008  150128s9999||||xx\||||||||||||||\||und||
=041  \\$a英 語
=100  \\$aCATHERINE MARSHALL
=245  \\$aBEYOND OUR SELVES
=260  \\$a美國
=260  \\$bAVON
=300  \\$a269

