=LDR  00000nam a2200000Ia 4500
=008  150128s9999||||xx\||||||||||||||\||und||
=041  \\$a英 語
=100  \\$aDENNIS BYED
=245  \\$aRISE & WALK
=260  \\$a美國
=260  \\$bHARPER COLLINS
=300  \\$a258

