=LDR  00000nam a2200000Ia 4500
=008  150128s9999||||xx\||||||||||||||\||und||
=041  \\$a英 語
=100  \\$aLILLIAN TRASHER
=245  \\$aLETTERS FROM LILLIAN
=260  \\$a美國
=260  \\$bASSEMBLIES OF GOD
=300  \\$a125

