=LDR  00000nam a2200000Ia 4500
=008  150128s9999||||xx\||||||||||||||\||und||
=041  \\$a英 語
=100  \\$aPATRICK M. MORLEY
=245  \\$aWALKING WITH CHRIST IN THE DETAILS OF LIFE
=260  \\$a美國
=260  \\$bTHOMAS NELSON
=300  \\$a299

