=LDR  00000nam a2200000Ia 4500
=008  150128s9999||||xx\||||||||||||||\||und||
=041  \\$a英 語
=100  \\$aJEANETTE WINDLE
=245  \\$aMYSTERY AT DEATH CANYON
=260  \\$a美國
=260  \\$bMULTNOMAH
=300  \\$a127

