=LDR  00000nam a2200000Ia 4500
=008  150128s9999||||xx\||||||||||||||\||und||
=041  \\$a英 語
=100  \\$aPATRICIA M. ST.JOHN
=245  \\$aWHERE THE RIVER BEGINS
=260  \\$a美國
=260  \\$bMOODY PRESS
=300  \\$a127

