=LDR  00000nam a2200000Ia 4500
=008  150128s9999||||xx\||||||||||||||\||und||
=041  \\$a英 語
=100  \\$aLOIS GLADYS LEPPARD
=245  \\$aMandie and the Hidden Treasure
=260  \\$a美國
=260  \\$bBETHANY HOUSE
=300  \\$a159

