=LDR  00000nam a2200000Ia 4500
=008  150128s9999||||xx\||||||||||||||\||und||
=041  \\$a英 語
=100  \\$aPAUL MCCUSKER
=245  \\$aHIGH FLYER WITH A FLAT TIRE (2)
=260  \\$a美國
=260  \\$bFOCUS ON THE FAMILY
=300  \\$a101

