=LDR  00000nam a2200000Ia 4500
=008  150128s9999||||xx\||||||||||||||\||und||
=041  \\$a英 語
=100  \\$aPAUL MCCUSKER
=245  \\$aLIGHTS OUT AT CAMP WHAT-A-NUT (5)
=260  \\$a美國
=260  \\$bFOCUS ON THE FAMILY
=300  \\$a94

