=LDR  00000nam a2200000Ia 4500
=008  150128s9999||||xx\||||||||||||||\||und||
=041  \\$a英 語
=100  \\$aPAUL WOODS
=245  \\$aWHAT'S A CHRISTIAN? - GROUP'S ACTIVE BIBLE CURRICULUM
=260  \\$a美國
=260  \\$b"GROUP PUBLISHING, INC."
=300  \\$a150

