=LDR  00000nam a2200000Ia 4500
=008  150128s9999||||xx\||||||||||||||\||und||
=041  \\$a英 語
=100  \\$aJENNIFER ROOT WILGER
=245  \\$a"REAL PEOPELE, REAL FAITH - SENIOR HIGH"
=260  \\$a美國
=260  \\$b"GROUP PUBLISHING, INC."
=300  \\$a52

