=LDR  00000nam a2200000Ia 4500
=008  150128s9999||||xx\||||||||||||||\||und||
=041  \\$a英 語
=100  \\$aBERKELEY & ALVERA MICKELSEN
=245  \\$aTHE PICTURE BIBLE DICTIONARY
=260  \\$a美國
=260  \\$bCHARIOT BOOKS
=300  \\$a384

