=LDR  00000nam a2200000Ia 4500
=008  150128s9999||||xx\||||||||||||||\||und||
=041  \\$a英 語
=100  \\$aJOHN T. TRENT
=245  \\$aI'D CHOOSE YOU!
=260  \\$a美國
=260  \\$bWORD PUBLISHING
=300  \\$a30

