=LDR  00000nam a2200000Ia 4500
=008  150128s9999||||xx\||||||||||||||\||und||
=041  \\$a英 語
=100  \\$aANDREW MURRAY
=245  \\$aABSOLUTE SURRENDER
=260  \\$a美國
=260  \\$bBARBOUR BOOK
=300  \\$a188

