=LDR  00000nam a2200000Ia 4500
=008  150128s9999||||xx\||||||||||||||\||und||
=041  \\$a英 語
=100  \\$aMICHAEL WARDEN
=245  \\$aREADY-TO-GO MEETINGS FOR YOUTH MINISTRY
=260  \\$a美國
=260  \\$bGROUP PUBLISHING
=300  \\$a156

