=LDR  00000nam a2200000Ia 4500
=008  150128s9999||||xx\||||||||||||||\||und||
=041  \\$a英 語
=100  \\$aDR. LARRY CRABB
=245  \\$aTHE MARRIAGE BUILDER
=260  \\$a美國
=260  \\$bZONDERVAN
=300  \\$a192

