=LDR  00000nam a2200000Ia 4500
=008  150128s9999||||xx\||||||||||||||\||und||
=041  \\$a英 語
=100  \\$aTIM TIMMONS
=245  \\$aMAXIMUM MARRIAGE
=260  \\$a美國
=260  \\$bREVELL
=300  \\$a128

