=LDR  00000nam a2200000Ia 4500
=008  150128s9999||||xx\||||||||||||||\||und||
=041  \\$a英 語
=100  \\$aREBECCA LYN PHILLIPS
=245  \\$aHEART TO HEART
=260  \\$a美國
=260  \\$bNELSON
=300  \\$a139

