=LDR  00000nam a2200000Ia 4500
=008  150128s9999||||xx\||||||||||||||\||und||
=041  \\$a英 語
=100  \\$aJAN DARGATZ
=245  \\$a52 SIMPLE WAYS TO BUILD YOUR CHILD'S SELF-ESTEEM & CONFIDENCE
=260  \\$a美國
=260  \\$bTHOMAS NELSON
=300  \\$a144

