=LDR  00000nam a2200000Ia 4500
=008  150128s9999||||xx\||||||||||||||\||und||
=041  \\$a英 語
=100  \\$aTIM KIMMEL
=245  \\$aLEGACY OF LOVE
=260  \\$a美國
=260  \\$bMULTNOMAH
=300  \\$a284

