=LDR  00000nam a2200000Ia 4500
=008  150128s9999||||xx\||||||||||||||\||und||
=041  \\$a英 語
=100  \\$aJAY KESLER
=245  \\$a10 MISTAKES PARENTS MAKE WITH TEENAGERS
=260  \\$a美國
=260  \\$bWOLGEMUTH & HYATT
=300  \\$a142

