=LDR  00000nam a2200000Ia 4500
=008  150128s9999||||xx\||||||||||||||\||und||
=041  \\$a英 語
=100  \\$aHANNAH HURNARD
=245  \\$aHEARING HEART
=260  \\$a美國
=260  \\$bTYNDALE HOUSE
=300  \\$a139

