=LDR  00000nam a2200000Ia 4500
=008  150128s9999||||xx\||||||||||||||\||und||
=041  \\$a英 語
=100  \\$aCHARLES LUDWIG
=245  \\$aSUSANNA WESLEY
=260  \\$a美國
=260  \\$bMOTT MEDIA
=300  \\$a192

