=LDR  00000nam a2200000Ia 4500
=008  150128s9999||||xx\||||||||||||||\||und||
=041  \\$a英 語
=100  \\$aCHARLES R. SWINDOLL
=245  \\$aSIMPLE FAITH
=260  \\$a美國
=260  \\$bWORD
=300  \\$a259

