=LDR  00000nam a2200000Ia 4500
=008  150128s9999||||xx\||||||||||||||\||und||
=041  \\$a英 語
=100  \\$aKEN ABRAHAM
=245  \\$aARMED & DANGEROUS
=260  \\$a美國
=260  \\$bA BARBOUR BOOK
=300  \\$a206

