=LDR  00000nam a2200000Ia 4500
=008  150128s9999||||xx\||||||||||||||\||und||
=041  \\$a英 語
=100  \\$aHAROLD MYRA
=245  \\$aEASTER BUNNY ARE YOU FOR REAL?
=260  \\$a美國
=260  \\$bTOMMY NELSON
=300  \\$a24

