=LDR  00000nam a2200000Ia 4500
=008  150128s9999||||xx\||||||||||||||\||und||
=041  \\$a英 語
=100  \\$aCAROL HEYER
=245  \\$aTHE EASTER STORY
=260  \\$a美國
=260  \\$bIDEALS CHILDREN'S  BOOKS
=300  \\$a32

