=LDR  00000nam a2200000Ia 4500
=008  150128s9999||||xx\||||||||||||||\||und||
=041  \\$a英 語
=100  \\$aJOHN MORRIS & KEN HAM
=245  \\$aWHAT REALLY HAPPENED TO THE DINOSAURS?
=260  \\$a美國
=260  \\$bMASTER BOOKS
=300  \\$a32

