=LDR  00000nam a2200000Ia 4500
=008  150128s9999||||xx\||||||||||||||\||und||
=041  \\$a英 語
=100  \\$aDONALD B. DEYOUNG
=245  \\$aASTRONOMY AND THE BIBLE Q & A
=260  \\$a美國
=260  \\$bBAKER BOOK
=300  \\$a146

