=LDR  00000nam a2200000Ia 4500
=008  150128s9999||||xx\||||||||||||||\||und||
=041  \\$a英 語
=100  \\$aV. GILBERT BEERS
=245  \\$aTHE BEGINNER'S BIBLE MEMORY BOOK
=260  \\$a美國
=260  \\$bGOLDEN'S HONEY
=300  \\$a288

