=LDR  00000nam a2200000Ia 4500
=008  150128s9999||||xx\||||||||||||||\||und||
=041  \\$a英 語
=100  \\$aMARY HOLLINGSWORTH
=245  \\$aMY LITTLE BIBLE
=260  \\$a美國
=260  \\$bWORD
=300  \\$a97

