=LDR  00000nam a2200000Ia 4500
=008  150128s9999||||xx\||||||||||||||\||und||
=041  \\$a英 語
=100  \\$aAMERICAN BIBLE SOCIETY
=245  \\$aHOLY BIBLE
=260  \\$a美國
=260  \\$bABS
=300  \\$a1567

