=LDR  00000nam a2200000Ia 4500
=008  150128s9999||||xx\||||||||||||||\||und||
=041  \\$a國 語
=100  \\$a遠 志 明
=245  \\$a十 五 的 月 亮
=260  \\$a台 灣
=260  \\$b浸 傳
=300  \\$a53m.

