=LDR  00000nam a2200000Ia 4500
=008  150128s9999||||xx\||||||||||||||\||und||
=041  \\$a國 語
=100  \\$a徐 亨
=245  \\$a不 老 的 勇 士
=260  \\$a台 灣
=260  \\$b浸 傳
=300  \\$a40m.

