=LDR  00000nam a2200000Ia 4500
=008  150128s9999||||xx\||||||||||||||\||und||
=041  \\$a國 語
=100  \\$a楊 牧 谷
=245  \\$a相 繫 深 深
=260  \\$a香 港
=260  \\$b基 道
=300  \\$a99p.

