=LDR  00000nam a2200000Ia 4500
=008  150128s9999||||xx\||||||||||||||\||und||
=041  \\$a國 語
=100  \\$a楊 牧 谷
=245  \\$a亂 世 豐 筵 - 耶 穌 基 督 的 邀 約
=260  \\$a香 港
=260  \\$b更 新 資 源
=300  \\$a395p.

