=LDR  00000nam a2200000Ia 4500
=008  150128s9999||||xx\||||||||||||||\||und||
=041  \\$a國 語
=100  \\$a彭 蒙 惠
=245  \\$a愛 是 一 生 的 堅 持 - 彭 蒙 惠 傳 奇
=260  \\$a台 灣
=260  \\$b空 中 英 語 教 室
=300  \\$a211p.

