=LDR  00000nam a2200000Ia 4500
=008  150128s9999||||xx\||||||||||||||\||und||
=041  \\$a國 語
=100  \\$a夏 忠 堅 / 蘇 文 隆
=245  \\$a教 會 事 工 手 冊
=260  \\$a台 灣
=260  \\$b中 國 與 福 音
=300  \\$a130p.

