=LDR  00000nam a2200000Ia 4500
=008  150128s9999||||xx\||||||||||||||\||und||
=041  \\$a國 語
=100  \\$aLewis C.S.
=245  \\$a返 璞 歸 真
=260  \\$a香 港
=260  \\$b海 天
=300  \\$a181p.

