=LDR  00000nam a2200000Ia 4500
=008  150128s9999||||xx\||||||||||||||\||und||
=041  \\$a國 語
=100  \\$a蘇 文 隆
=245  \\$a教 會 建 造 的 藝 術 ?從 自 我 成 長 到 教 會 發 展
=260  \\$a美 國
=260  \\$b台 福
=300  \\$a361p.

