=LDR  00000nam a2200000Ia 4500
=008  150128s9999||||xx\||||||||||||||\||und||
=041  \\$a國 語
=100  \\$a蘇 文 隆
=245  \\$a新 造 的 人
=260  \\$a美 國
=260  \\$b台 福
=300  \\$a109p.

