=LDR  00000nam a2200000Ia 4500
=008  150128s9999||||xx\||||||||||||||\||und||
=041  \\$a國 語
=100  \\$a蘇 文 隆
=245  \\$a邁 向 成 熟
=260  \\$a美 國
=260  \\$b台 福
=300  \\$a119p.

