=LDR  00000nam a2200000Ia 4500
=008  150128s9999||||xx\||||||||||||||\||und||
=041  \\$a國 語
=100  \\$a包 忠 傑
=245  \\$a舊 約 中 的 禱 告
=260  \\$a香 港
=260  \\$b宣 道
=300  \\$a364p.

