=LDR  00000nam a2200000Ia 4500
=008  150128s9999||||xx\||||||||||||||\||und||
=041  \\$a國 語
=245  \\$a偉 大 心 靈 的 禱 告
=260  \\$a台 灣
=260  \\$b證 主
=300  \\$a0

