=LDR  00000nam a2200000Ia 4500
=008  150128s9999||||xx\||||||||||||||\||und||
=041  \\$a國 語
=100  \\$a蘇 梅 克
=245  \\$a幫 助 人 得 重 生
=260  \\$a台 灣
=260  \\$b歸 主
=300  \\$a149

