=LDR  00000nam a2200000Ia 4500
=008  150128s9999||||xx\||||||||||||||\||und||
=041  \\$a國 語
=100  \\$a蘇 文 隆
=245  \\$a更 上 一 層 樓
=260  \\$a美 國
=260  \\$b台 福
=300  \\$a139p.

