=LDR  00000nam a2200000Ia 4500
=008  150128s9999||||xx\||||||||||||||\||und||
=041  \\$a國 語
=100  \\$a"Perry, Shireen  & Lewis, Gregg"
=245  \\$a我 的 丈 夫 是 愛 滋 病 人
=260  \\$a台 灣
=260  \\$b大 光
=300  \\$a150p.

