=LDR  00000nam a2200000Ia 4500
=008  150128s9999||||xx\||||||||||||||\||und||
=041  \\$a國 語
=100  \\$a"James, Joan"
=245  \\$a內 在 醫 治
=260  \\$a台 灣
=260  \\$b大 光
=300  \\$a213p.

