=LDR  00000nam a2200000Ia 4500
=008  150128s9999||||xx\||||||||||||||\||und||
=041  \\$a國 語
=100  \\$a張 郁 嵐
=245  \\$a聖 經 是 神 所 默 示 的 嗎
=260  \\$a美 國
=260  \\$bLiving Stream Ministry
=300  \\$a105p.

