=LDR  00000nam a2200000Ia 4500
=008  150128s9999||||xx\||||||||||||||\||und||
=041  \\$a國 語
=100  \\$a"McAll, Kenneth"
=245  \\$a追 根 朔 源 -從 族 譜 談 醫 治
=260  \\$a台 灣
=260  \\$b橄 欖
=300  \\$a111p.

