=LDR  00000nam a2200000Ia 4500
=008  150128s9999||||xx\||||||||||||||\||und||
=041  \\$a國 語
=100  \\$a"Van Stone, Doris/ Lutaer Erwin W."
=245  \\$a沒 有 人 愛 的 女 孩
=260  \\$a台 灣
=260  \\$b主 日 學
=300  \\$a189p.

