=LDR  00000nam a2200000Ia 4500
=008  150128s9999||||xx\||||||||||||||\||und||
=041  \\$a國 語
=100  \\$a"Bob Betty Jacks; Ron Wormser, Sr."
=245  \\$a你也能建立家庭小組
=260  \\$a臺北
=260  \\$b技園
=300  \\$a142

