=LDR  00000nam a2200000Ia 4500
=008  150128s9999||||xx\||||||||||||||\||und||
=041  \\$a國 語
=100  \\$a"Eastman, Dick"
=245  \\$a改 變 世 界 得 禱 告 學 校
=260  \\$a台 灣
=260  \\$b橄 欖
=300  \\$a234p.

