=LDR  00000nam a2200000Ia 4500
=008  150128s9999||||xx\||||||||||||||\||und||
=041  \\$a國 語
=100  \\$a羅惠強
=245  \\$a愛你的弟兄—以實瑪利
=260  \\$a香港
=260  \\$b家智發展社
=300  \\$a168p.

