=LDR  00000nam a2200000Ia 4500
=008  150128s9999||||xx\||||||||||||||\||und||
=041  \\$a國 語
=100  \\$a"Spurgeon, C.H.  etc."
=245  \\$a詩篇月刊﹕你是我的兒子（二）
=260  \\$a台灣
=260  \\$b提比哩亞出版社
=300  \\$a164p.

