=LDR  00000nam a2200000Ia 4500
=008  150128s9999||||xx\||||||||||||||\||und||
=041  \\$a國 語
=100  \\$a"Davis, Raymond"
=245  \\$a高山靈火
=260  \\$a香港
=260  \\$b基道書樓
=300  \\$a297p.

