=LDR  00000nam a2200000Ia 4500
=008  150128s9999||||xx\||||||||||||||\||und||
=041  \\$a國 語
=100  \\$a"Sparks, T.A"
=245  \\$a保羅禱告的生活
=260  \\$a台灣
=260  \\$b提比哩亞出版社
=300  \\$a240p.

