=LDR  00000nam a2200000Ia 4500
=008  150128s9999||||xx\||||||||||||||\||und||
=041  \\$a國 語
=100  \\$a楊牧谷
=245  \\$a基本信仰與超凡生命（漫畫版）上冊
=260  \\$a香港
=260  \\$b更新資源
=300  \\$a186p.

