=LDR  00000nam a2200000Ia 4500
=008  150128s9999||||xx\||||||||||||||\||und||
=041  \\$a國 語
=100  \\$a楊淑琴，龔振成
=245  \\$a化療室的春天
=260  \\$a台灣
=260  \\$b校園
=300  \\$a149p.

