=LDR  00000nam a2200000Ia 4500
=008  150128s9999||||xx\||||||||||||||\||und||
=041  \\$a國 語
=100  \\$a"Stott, John"
=245  \\$a再思福音使命-更新佈道的動機和動力
=260  \\$a台灣
=260  \\$b校園
=300  \\$a163p.

