=LDR  00000nam a2200000Ia 4500
=008  150128s9999||||xx\||||||||||||||\||und||
=041  \\$a國 語
=100  \\$a"Nash, Laura L."
=245  \\$a商場聖徒
=260  \\$a香港
=260  \\$b基道書樓
=300  \\$a432p.

