=LDR  00000nam a2200000Ia 4500
=008  150128s9999||||xx\||||||||||||||\||und||
=041  \\$a國 語
=100  \\$a葉耀明
=245  \\$a脫毛老鷹—航空宣教入叢林
=260  \\$a台灣
=260  \\$b橄欖
=300  \\$a198p.

