=LDR  00000nam a2200000Ia 4500
=008  150128s9999||||xx\||||||||||||||\||und||
=041  \\$a國 語
=100  \\$a考門夫人
=245  \\$a奔向日出
=260  \\$a台灣
=260  \\$b道聲
=300  \\$a366p.

