=LDR  00000nam a2200000Ia 4500
=008  150128s9999||||xx\||||||||||||||\||und||
=041  \\$a國 語
=100  \\$a"Engstrom Ted W. & Mackenzie, Alec"
=245  \\$a成功的管理秘訣
=260  \\$a台灣
=260  \\$b大光
=300  \\$a238p.

