=LDR  00000nam a2200000Ia 4500
=008  150128s9999||||xx\||||||||||||||\||und||
=041  \\$a國 語
=100  \\$a"Pen-Lewis, Jessie"
=245  \\$a魂與靈
=260  \\$a台灣
=260  \\$b橄欖
=300  \\$a91p.

