=LDR  00000nam a2200000Ia 4500
=008  150128s9999||||xx\||||||||||||||\||und||
=100  \\$aPositive Single
=245  \\$a大光
=300  \\$a0

