=LDR  00000nam a2200000Ia 4500
=008  150128s9999||||xx\||||||||||||||\||und||
=041  \\$a國 語
=245  \\$a從失婚到展翼
=260  \\$a台灣
=260  \\$b多加福音雜誌社
=300  \\$a155p.

