=LDR  00000nam a2200000Ia 4500
=008  150128s9999||||xx\||||||||||||||\||und||
=041  \\$a國 語
=100  \\$a周芳蘭
=245  \\$a幼兒教室-早期兒童宗教教育教材-
=260  \\$a台灣
=260  \\$b主日學
=300  \\$a165p.

