=LDR  00000nam a2200000Ia 4500
=008  150128s9999||||xx\||||||||||||||\||und||
=041  \\$a國 語
=100  \\$a周修棣
=245  \\$a鯨兒-一隊母子的生與死-抗癌記
=260  \\$a台灣
=260  \\$b不二
=300  \\$a302p.

