=LDR  00000nam a2200000Ia 4500
=008  150128s9999||||xx\||||||||||||||\||und||
=041  \\$a國 語
=100  \\$a"Webster, Dan"
=245  \\$a塞翁失馬-如何面對失敗
=260  \\$a台灣
=260  \\$b導航會
=300  \\$a15p.

