=LDR  00000nam a2200000Ia 4500
=008  150128s9999||||xx\||||||||||||||\||und||
=041  \\$a國 語
=100  \\$a"Lester, Lane P."
=245  \\$a複 製 - 神 蹟 或 危 險
=260  \\$a香 港
=260  \\$b天 道
=300  \\$a171p.

