=LDR  00000nam a2200000Ia 4500
=008  150128s9999||||xx\||||||||||||||\||und||
=041  \\$a國 語
=100  \\$a遠 志 明
=245  \\$a神 州 懺 悔 錄
=260  \\$a美 國
=260  \\$b校 園
=300  \\$a288p.

