=LDR  00000nam a2200000Ia 4500
=008  150128s9999||||xx\||||||||||||||\||und||
=041  \\$a國 語
=100  \\$a吉 枝 隆 邦
=245  \\$a真 理 A B C
=260  \\$a台 灣
=260  \\$b校 園
=300  \\$a173p.

