=LDR  00000nam a2200000Ia 4500
=008  150128s9999||||xx\||||||||||||||\||und||
=041  \\$a國 語
=100  \\$a"Johnson,phillip E."
=245  \\$a審判達爾文
=260  \\$a加州
=260  \\$b中信
=300  \\$a244 p.

