=LDR  00000nam a2200000Ia 4500
=008  150128s9999||||xx\||||||||||||||\||und||
=041  \\$a國 語
=245  \\$a永 遠 的 微 笑
=260  \\$a紐約
=260  \\$b林 秀 娟
=300  \\$a0

