=LDR  00000nam a2200000Ia 4500
=008  150128s9999||||xx\||||||||||||||\||und||
=041  \\$a國 語
=100  \\$a白 培 英
=245  \\$a穩 賺 不 賠
=260  \\$a台 灣
=260  \\$b靈 糧 堂
=300  \\$a0

