=LDR  00000nam a2200000Ia 4500
=008  150128s9999||||xx\||||||||||||||\||und||
=041  \\$a國 語
=100  \\$a劉 俠
=245  \\$a母 親 的 愛
=260  \\$a台 灣
=260  \\$b靈 糧 堂
=300  \\$a0

