=LDR  00000nam a2200000Ia 4500
=008  150128s9999||||xx\||||||||||||||\||und||
=041  \\$a國 語
=100  \\$a海 蒂 貝 克
=245  \\$a愛 你 的 鄰 舍
=260  \\$a台 灣
=260  \\$b靈 糧 堂
=300  \\$a0

