=LDR  00000nam a2200000Ia 4500
=008  150128s9999||||xx\||||||||||||||\||und||
=041  \\$a國 語
=100  \\$a周 美 德
=245  \\$a船 到 橋 頭 自 然 直
=260  \\$a臺 灣
=260  \\$b美 德
=300  \\$a0

