=LDR  00000nam a2200000Ia 4500
=008  150128s9999||||xx\||||||||||||||\||und||
=041  \\$a國 語
=100  \\$a沈 非 竺 頌 讀
=245  \\$a中 國 科 學 家 的 見 證(7/7)
=260  \\$a美 國
=260  \\$bGTMI
=300  \\$a0

