=LDR  00000nam a2200000Ia 4500
=008  150128s9999||||xx\||||||||||||||\||und||
=041  \\$a國 語
=100  \\$a田 養 吾
=245  \\$a聖 經 的 重 要 性
=260  \\$a美 國
=260  \\$bGTMI
=300  \\$a0

