=LDR  00000nam a2200000Ia 4500
=008  150128s9999||||xx\||||||||||||||\||und||
=041  \\$a國 語
=245  \\$a大 海 中 的 道 路
=260  \\$a美 國
=260  \\$b我 心 旋 律 音 樂 事 工
=300  \\$a0

