=LDR  00000nam a2200000Ia 4500
=008  150128s9999||||xx\||||||||||||||\||und||
=041  \\$a國 語
=100  \\$a"Hybels, Bill & Wilkins"
=245  \\$a捨 己 -生 命 尊 貴 的 秘 訣
=260  \\$a臺 灣
=260  \\$b校 園
=300  \\$a223p.

