=LDR  00000nam a2200000Ia 4500
=008  150128s9999||||xx\||||||||||||||\||und||
=041  \\$a國 語
=100  \\$a"Hybels, Bill"
=245  \\$a破 繭 -內 心 生 命 的 對 話
=260  \\$a臺 灣
=260  \\$b校 園
=300  \\$a193p.

