=LDR  00000nam a2200000Ia 4500
=008  150128s9999||||xx\||||||||||||||\||und||
=041  \\$a國 語
=100  \\$a"Wallace, Ronald S."
=245  \\$a當 代 聖 經 信 息 ﹕ 但 以 理 書
=260  \\$a臺 灣
=260  \\$b校 園
=300  \\$a215p.

