=LDR  00000nam a2200000Ia 4500
=008  150128s9999||||xx\||||||||||||||\||und||
=041  \\$a國 語
=100  \\$a蘇 潁 智
=245  \\$a每 日 與 主 同 行
=260  \\$a香 港
=260  \\$b福 音 證 主
=300  \\$a0

