=LDR  00000nam a2200000Ia 4500
=008  150128s9999||||xx\||||||||||||||\||und||
=041  \\$a國 語
=100  \\$a"Galloway, Dale E."
=245  \\$a2020 異 象
=260  \\$a臺 灣
=260  \\$b橄 欖
=300  \\$a162p.

