=LDR  00000nam a2200000Ia 4500
=008  150128s9999||||xx\||||||||||||||\||und||
=041  \\$a國 語
=100  \\$a.
=245  \\$a當 代 神 學 辭 典 (上 )
=260  \\$a臺 灣
=260  \\$b校 園
=300  \\$a608p.

