=LDR  00000nam a2200000Ia 4500
=008  150128s9999||||xx\||||||||||||||\||und||
=041  \\$a國 語
=100  \\$a號 角 福 音 綜 合 藝 術 團
=245  \\$a感 恩 的 頌 讚
=260  \\$a臺 灣
=260  \\$b號 角
=300  \\$a0

