=LDR  00000nam a2200000Ia 4500
=008  150128s9999||||xx\||||||||||||||\||und||
=041  \\$a國 語
=100  \\$a許牧世
=245  \\$a風滿樓證道文集
=260  \\$a香港
=260  \\$b文藝出版社
=300  \\$a153

