=LDR  00000nam a2200000Ia 4500
=008  150128s9999||||xx\||||||||||||||\||und||
=041  \\$a國 語
=100  \\$a鍾 昌 宏
=245  \\$a生 命 的 韌 性
=260  \\$a台 北
=260  \\$b院牧
=300  \\$a192

