=LDR  00000nam a2200000Ia 4500
=008  150128s9999||||xx\||||||||||||||\||und||
=041  \\$a國 語
=100  \\$a陳 終 道
=245  \\$a羅馬書
=260  \\$a台 北
=260  \\$b校園書 房
=300  \\$a320

