=LDR  00000nam a2200000Ia 4500
=008  150128s9999||||xx\||||||||||||||\||und||
=041  \\$a國 語
=100  \\$a高 俊 明
=245  \\$a高 俊 明 獄 中 書 信
=260  \\$a台 南
=260  \\$b人 光 出 版  社
=300  \\$a309

