=LDR  00000nam a2200000Ia 4500
=008  150128s9999||||xx\||||||||||||||\||und||
=041  \\$a國 語
=100  \\$a"Nash, Laura L."
=245  \\$a商 場 聖 徒
=260  \\$a香 港
=260  \\$b基 道 出 版 社
=300  \\$a432

