=LDR  00000nam a2200000Ia 4500
=008  150128s9999||||xx\||||||||||||||\||und||
=041  \\$a國 語
=100  \\$a許 牧 世
=245  \\$a經 與 譯  經
=260  \\$a香 港
=260  \\$b基 督 教 文 藝 出 版 社
=300  \\$a260

