=LDR  00000nam a2200000Ia 4500
=008  150128s9999||||xx\||||||||||||||\||und||
=041  \\$a國 語
=100  \\$a張 有 寯 ]
=245  \\$a延 年 益  壽 飲 食 法
=260  \\$a臺 北
=260  \\$b開 今 文 化
=300  \\$a183

