=LDR  00000nam a2200000Ia 4500
=008  150128s9999||||xx\||||||||||||||\||und||
=100  \\$a張 有 寯
=245  \\$a大 自 然 的 養 生 法
=260  \\$a240
=260  \\$b開 今 文 化 ?1993

