=LDR  00000nam a2200000Ia 4500
=008  150128s9999||||xx\||||||||||||||\||und||
=041  \\$a國 語
=100  \\$a馬有藻
=245  \\$a信仰的探討
=260  \\$a臺北
=260  \\$b中信
=300  \\$a155

