=LDR  00000nam a2200000Ia 4500
=008  150128s9999||||xx\||||||||||||||\||und||
=041  \\$a國 語
=100  \\$a郝文章
=245  \\$a怎樣與人談道
=260  \\$a高雄
=260  \\$b宣道文字中心
=300  \\$a142

