=LDR  00000nam a2200000Ia 4500
=008  150128s9999||||xx\||||||||||||||\||und||
=041  \\$a國 語
=100  \\$aSmith Hannah W
=245  \\$a信 徒 快 樂 祕 訣
=260  \\$a臺 北
=260  \\$b福 音  證 主 協 會
=300  \\$a200

