=LDR  00000nam a2200000Ia 4500
=008  150128s9999||||xx\||||||||||||||\||und||
=041  \\$a國 語
=100  \\$a.
=245  \\$a漂 泊 的 蘇 聯 人
=260  \\$a臺 北
=260  \\$b傳 神
=300  \\$a0

