=LDR  00000nam a2200000Ia 4500
=008  150128s9999||||xx\||||||||||||||\||und||
=041  \\$a國 語
=245  \\$a阿 拉 巴 馬 盲 人 五 重 唱
=260  \\$a臺 北
=260  \\$b傳 神
=300  \\$a0

