=LDR  00000nam a2200000Ia 4500
=008  150128s9999||||xx\||||||||||||||\||und||
=041  \\$a國 語
=245  \\$a堅 強 總 在 創 傷 後
=260  \\$a臺 北
=260  \\$b救 傳
=300  \\$a0

