=LDR  00000nam a2200000Ia 4500
=008  150128s9999||||xx\||||||||||||||\||und||
=041  \\$a國 語
=100  \\$a林 治 平
=245  \\$a活 在 關 係 中 的 人
=260  \\$a臺 北
=260  \\$b宇 宙 光
=300  \\$a0

