=LDR  00000nam a2200000Ia 4500
=008  150128s9999||||xx\||||||||||||||\||und||
=041  \\$a國 語
=100  \\$a黃 維 仁
=245  \\$a以 愛 彼 此 建 立
=260  \\$a臺 北
=260  \\$b靈 糧 堂
=300  \\$a0

