=LDR  00000nam a2200000Ia 4500
=008  150128s9999||||xx\||||||||||||||\||und||
=041  \\$a國 語
=100  \\$a蔡 茂 堂
=245  \\$a主 耶 穌 降 生 -撒 迦 利 亞 博 士 希 律
=260  \\$a加 州
=260  \\$b天 梯 中 心
=300  \\$a0

