=LDR  00000nam a2200000Ia 4500
=008  150128s9999||||xx\||||||||||||||\||und||
=041  \\$a國 語
=100  \\$a蔡 茂 堂
=245  \\$a夫 妻 溫  馨 情 - 輕 輕 聽 我
=260  \\$a加 州
=260  \\$b天 梯
=300  \\$a0

