=LDR  00000nam a2200000Ia 4500
=008  150128s9999||||xx\||||||||||||||\||und||
=100  \\$a天 梯
=245  \\$a夫 妻 溫 馨 情 - 南 腔 北 調 ?15
=260  \\$a0
=260  \\$b1999

