=LDR  00000nam a2200000Ia 4500
=008  150128s9999||||xx\||||||||||||||\||und||
=041  \\$a英 語
=100  \\$aDr.&Mrs.Howard Taylor
=245  \\$aJ.Hudson Taylor God's Man in China
=260  \\$a"Chicago, Illinois"
=260  \\$bMoody Press
=300  \\$a366 pages

