=LDR  00000nam a2200000Ia 4500
=008  150128s9999||||xx\||||||||||||||\||und||
=041  \\$a英 語
=100  \\$a"Morley,Patrick M."
=245  \4$aThe Man In The Mirror Solving The 24Problems Men Face
=260  \\$a"Brentwood, Tennessee"
=260  \\$b"Wolgemuth & Hyatt, Publishers, Inc."
=300  \\$a309Pages

