=LDR  00000nam a2200000Ia 4500
=008  150128s9999||||xx\||||||||||||||\||und||
=041  \\$a英 語
=100  \\$a"Campolo, Anthony"
=245  \\$aGrowing Up In America A Sociology Of Youth Ministry
=260  \\$a"Gran Rapids, Michigan"
=260  \\$b"Youth Specialties, Zondervan Publishing House"
=300  \\$a217 Pages

