=LDR  00000nam a2200000Ia 4500
=008  150128s9999||||xx\||||||||||||||\||und||
=041  \\$a國 語
=100  \\$a"Morris,Henry M."
=245  \4$aThe Remarkable Record Of Job
=260  \\$a"Gran Rapids, Michigan"
=260  \\$bBaker Book House
=300  \\$a146 Pages

