=LDR  00000nam a2200000Ia 4500
=008  150128s9999||||xx\||||||||||||||\||und||
=041  \\$a英 語
=100  \\$a"Swindoll, Charles R. & Klabunde, Bruce"
=245  \\$aJohn The Baptizer Charles R. Swindoll Bible Study Guide
=260  \\$a"Anaheim, California"
=260  \\$bInsight For Living
=300  \\$a77 Pages

