=LDR  00000nam a2200000Ia 4500
=008  150128s9999||||xx\||||||||||||||\||und||
=041  \\$a英 語
=100  \\$a"Jeremiah, David & Carlson, Carole C."
=245  \\$aEscape The Coming Night
=260  \\$aDallas
=260  \\$bWord Publishing
=300  \\$a240 Pages

