=LDR  00000nam a2200000Ia 4500
=008  150128s9999||||xx\||||||||||||||\||und||
=041  \\$a英 語
=245  \\$aUnderstanding The Dead Sea Scrolls: A Reader From The Biblical Archael
=260  \\$aNew York
=260  \\$bRandom House
=300  \\$a336 Pages

