=LDR  00000nam a2200000Ia 4500
=008  150128s9999||||xx\||||||||||||||\||und||
=041  \\$a英 語
=245  \4$aThe Golden Bible Atlas With Relief Map In Full Color
=260  \\$aNew York
=260  \\$bGolden Press
=300  \\$a97  Pages

