=LDR  00000nam a2200000Ia 4500
=008  150128s9999||||xx\||||||||||||||\||und||
=041  \\$a英 語
=245  \\$aYour Love Reaches Me Songbook
=260  \\$a"Brentwood, Tennessee"
=260  \\$bVineyard Music Group
=300  \\$a75 Pages

