=LDR  00000nam a2200000Ia 4500
=008  150128s9999||||xx\||||||||||||||\||und||
=041  \\$a英 語
=100  \\$a"Hershiser, Orel,With Jenkins, Jerry B."
=245  \\$aOut Of The Blue
=260  \\$a"Brentwood, Tennessee"
=260  \\$b"Wolgemuth & Hyatt, Publishers, Inc."
=300  \\$a217 Pages

