=LDR  00000nam a2200000Ia 4500
=008  150128s9999||||xx\||||||||||||||\||und||
=041  \\$a台 語
=100  \\$a蔡 茂 堂
=245  \\$a幸 福 的 人 生 - 溫 柔 ?慕 義
=260  \\$a洛 杉 磯
=260  \\$b天 梯 中 心
=300  \\$a0

