=LDR  00000nam a2200000Ia 4500
=008  150128s9999||||xx\||||||||||||||\||und||
=041  \\$a國 語
=100  \\$a班 卡 森
=245  \\$a恩 賜 的 手
=260  \\$a臺 北
=260  \\$b浸 傳
=300  \\$a0

