=LDR  00000nam a2200000Ia 4500
=008  150128s9999||||xx\||||||||||||||\||und||
=041  \\$a國 語
=100  \\$a黃 迺 毓
=245  \\$a回 轉 像 小 孩
=260  \\$a臺 北
=260  \\$b靈 糧 堂
=300  \\$a0

