=LDR  00000nam a2200000Ia 4500
=008  150128s9999||||xx\||||||||||||||\||und||
=041  \\$a國 語
=100  \\$a周 美 德
=245  \\$a誰 能 給 我 安 全 感
=260  \\$a新 店 市
=260  \\$b美 德
=300  \\$a0

