=LDR  00000nam a2200000Ia 4500
=008  150128s9999||||xx\||||||||||||||\||und||
=041  \\$a國 語
=100  \\$a沈 非 竺
=245  \\$a沈 非 竺 頌 讚 (4/7)
=260  \\$a美 國
=260  \\$b"G.T,M.I."
=300  \\$a0

