=LDR  00000nam a2200000Ia 4500
=008  150128s9999||||xx\||||||||||||||\||und||
=041  \\$a國 語
=100  \\$a馮 秉 誠
=245  \\$a知 識 份 子 與 基 督 教  (5/5 )
=260  \\$a美 國
=260  \\$b"G.T,M.I."
=300  \\$a0

