=LDR  00000nam a2200000Ia 4500
=008  150128s9999||||xx\||||||||||||||\||und||
=041  \\$a國 語
=100  \\$a蔡 元 雲
=245  \\$a回 家
=260  \\$a美 國
=260  \\$bG.T.M.I.
=300  \\$a0

