=LDR  00000nam a2200000Ia 4500
=008  150128s9999||||xx\||||||||||||||\||und||
=041  \\$a國 語
=100  \\$a雷 蔡 恆
=245  \\$a神 是 又 真 又 活 的
=260  \\$a美 國
=260  \\$b"G.T,M.I."
=300  \\$a0

