=LDR  00000nam a2200000Ia 4500
=008  150128s9999||||xx\||||||||||||||\||und||
=041  \\$a國 語
=100  \\$a寇 世 遠
=245  \\$a重 生 之 道
=260  \\$a美 國
=260  \\$bG.T.M.I.
=300  \\$a0

