=LDR  00000nam a2200000Ia 4500
=008  150128s9999||||xx\||||||||||||||\||und||
=041  \\$a國 語
=100  \\$a劉 民 和
=245  \\$a我 的 母 親
=260  \\$a臺 北
=260  \\$b靈 糧 堂
=300  \\$a0

