=LDR  00000nam a2200000Ia 4500
=008  150128s9999||||xx\||||||||||||||\||und||
=041  \\$a國 語
=100  \\$a黃 迺 毓
=245  \\$a如 何 扮 演 父 母 的 角 色 (1/2)
=260  \\$a臺 北
=260  \\$b宇 宙 光
=300  \\$a0

