=LDR  00000nam a2200000Ia 4500
=008  150128s9999||||xx\||||||||||||||\||und||
=041  \\$a國 語
=100  \\$a劉 銘 侮
=245  \\$a萬 福 本 源
=260  \\$a臺 北
=260  \\$b靈 糧 堂
=300  \\$a0

