=LDR  00000nam a2200000Ia 4500
=008  150128s9999||||xx\||||||||||||||\||und||
=041  \\$a國 語
=100  \\$a我 心 旋 律
=245  \\$a生 命 的 執 著
=260  \\$a加 州
=260  \\$b我 心 旋 律
=300  \\$a0

