=LDR  00000nam a2200000Ia 4500
=008  150128s9999||||xx\||||||||||||||\||und||
=100  \\$a國 際 福 傳
=245  \\$a羅 馬 書 ( 第 十五 卷 )?13
=260  \\$a0
=260  \\$b1996

