=LDR  00000nam a2200000Ia 4500
=008  150128s9999||||xx\||||||||||||||\||und||
=041  \\$a國 語
=100  \\$a楊 摩 西
=245  \\$a末 世 的 豫 兆 (2)約 櫃
=260  \\$a紐 澤 西
=260  \\$b國 際 福 傳
=300  \\$a0

