=LDR  00000nam a2200000Ia 4500
=008  150128s9999||||xx\||||||||||||||\||und||
=041  \\$a國 語
=100  \\$a天 韻
=245  \\$a與 信 有 約
=260  \\$a臺 北
=260  \\$b救 傳
=300  \\$a0

