=LDR  00000nam a2200000Ia 4500
=008  150128s9999||||xx\||||||||||||||\||und||
=041  \\$a國 語
=100  \\$a郭 連 雋
=245  \\$a一 個 蒙 恩 罪 人 的 見 證
=260  \\$a美 國
=260  \\$b中 國 基 督 徒
=300  \\$a111

