=LDR  00000nam a2200000Ia 4500
=008  150128s9999||||xx\||||||||||||||\||und||
=041  \\$a國 語
=100  \\$a許 隼 夫
=245  \\$a教 會 年 曆 與 禮 拜
=260  \\$a臺 北
=260  \\$b使 者
=300  \\$a0

