=LDR  00000nam a2200000Ia 4500
=008  150128s9999||||xx\||||||||||||||\||und||
=041  \\$a國 語
=100  \\$a孫 伯 堅
=245  \\$a感 恩 的 頌 讚 (3)
=260  \\$a臺 北
=260  \\$b號 角
=300  \\$a0

