=LDR  00000nam a2200000Ia 4500
=008  150128s9999||||xx\||||||||||||||\||und||
=041  \\$a國 語
=100  \\$a張 伯 笠
=245  \\$a逃 離 中 國 ( ?)
=260  \\$a臺 北
=260  \\$b道 聲
=300  \\$a0

