=LDR  00000nam a2200000Ia 4500
=008  150128s9999||||xx\||||||||||||||\||und||
=041  \\$a國 語
=100  \\$a周 莊 碧 明
=245  \\$a進 入 更 豐 盛 的 生 命
=260  \\$a臺 北
=260  \\$b靈 糧 堂
=300  \\$a0

