=LDR  00000nam a2200000Ia 4500
=008  150128s9999||||xx\||||||||||||||\||und||
=041  \\$a國 語
=100  \\$a蔣中山
=245  \\$a教 會 是 什 麼
=260  \\$a美 國
=260  \\$b新城 教 會
=300  \\$a0

