=LDR  00000nam a2200000Ia 4500
=008  150128s9999||||xx\||||||||||||||\||und||
=041  \\$a國 語
=100  \\$a蔣 中 山
=245  \\$a哭 死 賴 的 神 學 /  為 何 要 信
=260  \\$a美 國
=260  \\$b新 城
=300  \\$a0

