=LDR  00000nam a2200000Ia 4500
=008  150128s9999||||xx\||||||||||||||\||und||
=100  \\$a聖 保 羅
=245  \\$a快 樂 人 生 ( 一) ?3
=260  \\$a0
=260  \\$b1999

