=LDR  00000nam a2200000Ia 4500
=008  150128s9999||||xx\||||||||||||||\||und||
=041  \\$a國 語
=100  \\$a三 橋 萬 利
=245  \\$a快 樂 人 生  ( 二 )
=260  \\$a巴 西
=260  \\$b聖 保 羅
=300  \\$a0

