=LDR  00000nam a2200000Ia 4500
=008  150128s9999||||xx\||||||||||||||\||und||
=041  \\$a國 語
=245  \\$a小 朋 友 來 讚 美 主
=260  \\$a加 州
=260  \\$b遠 東 中 福
=300  \\$a0

