=LDR  00000nam a2200000Ia 4500
=008  150128s9999||||xx\||||||||||||||\||und||
=041  \\$a國 語
=245  \\$a基 督 是 主 - 七 上
=260  \\$a臺 北
=260  \\$b門 徒 影 視
=300  \\$a0

