=LDR  00000nam a2200000Ia 4500
=008  150128s9999||||xx\||||||||||||||\||und||
=041  \\$a國 語
=100  \\$aCARSON MELODY
=245  \\$a........金 言 蜜 語  聖 經 故 事
=260  \\$a香 港
=260  \\$b純真
=300  \\$a0

