=LDR  00000nam a2200000Ia 4500
=008  150128s9999||||xx\||||||||||||||\||und||
=041  \\$a國 語
=100  \\$a"Gangel, K"
=245  \\$a學 習 教 導
=260  \\$a美 國
=260  \\$b中 華 聖    經  教 協
=300  \\$a380

