=LDR  00000nam a2200000Ia 4500
=008  150128s9999||||xx\||||||||||||||\||und||
=041  \\$a國 語
=100  \\$a"Cole, Edwin L"
=245  \\$a時 代 勇 者
=260  \\$a臺 北
=260  \\$b以 琳
=300  \\$a206

