=LDR  00000nam a2200000Ia 4500
=008  150128s9999||||xx\||||||||||||||\||und||
=041  \\$a國 語
=100  \\$a"Cole, Edwin Louis"
=245  \\$a發 揮 男 性 本 色
=260  \\$a臺 北
=260  \\$b臺 北 靈 糧
=300  \\$a149

