=LDR  00000nam a2200000Ia 4500
=008  150128s9999||||xx\||||||||||||||\||und||
=041  \\$a國 語
=100  \\$a"Omartian, Stormie"
=245  \\$a如 何 為 你 的 孩 子 禱 告
=260  \\$a臺 北
=260  \\$b以 琳
=300  \\$a235

