=LDR  00000nam a2200000Ia 4500
=008  150128s9999||||xx\||||||||||||||\||und||
=041  \\$a國 語
=100  \\$a"Richardson, Don"
=245  \\$a永 恆 在 我 心
=260  \\$a臺 北
=260  \\$b橄 欖 基 金
=300  \\$a226

