=LDR  00000nam a2200000Ia 4500
=008  150128s9999||||xx\||||||||||||||\||und||
=041  \\$a國 語
=100  \\$a"Chapman, Gary"
=245  \\$a破 鏡可 重 圓
=260  \\$a香 港
=260  \\$b天 道 書 樓
=300  \\$a185

