=LDR  00000nam a2200000Ia 4500
=008  150128s9999||||xx\||||||||||||||\||und||
=041  \\$a國 語
=100  \\$a查 特  胡 辛
=245  \\$a親 眼 見 耶 穌
=260  \\$a臺 北
=260  \\$b橄 欖 基 金 會
=300  \\$a137

