=LDR  00000nam a2200000Ia 4500
=008  150128s9999||||xx\||||||||||||||\||und||
=041  \\$a國 語
=100  \\$a李 文 采
=245  \\$a李 文 采 生 活 見 証
=260  \\$a紐 約
=260  \\$b新 城
=300  \\$a0

