=LDR  00000nam a2200000Ia 4500
=008  150128s9999||||xx\||||||||||||||\||und||
=041  \\$a國 語
=100  \\$a遠 志 明
=245  \\$a人 生 的 追 求 (佈 道 會3/30)
=260  \\$a紐 約
=260  \\$b呼 喊
=300  \\$a0

