=LDR  00000nam a2200000Ia 4500
=008  150128s9999||||xx\||||||||||||||\||und||
=041  \\$a國 語
=100  \\$a周莊碧明
=245  \\$a進入更豐盛的生命
=260  \\$a臺北
=260  \\$b靈糧堂
=300  \\$a0

