=LDR  00000nam a2200000Ia 4500
=008  150128s9999||||xx\||||||||||||||\||und||
=041  \\$a國 語
=100  \\$a王美政
=245  \\$a幫助父母與青春期的兒女談一場戀愛 (2)
=260  \\$a美國
=260  \\$b美國
=300  \\$a0

