=LDR  00000nam a2200000Ia 4500
=008  150128s9999||||xx\||||||||||||||\||und||
=041  \\$a國 語
=100  \\$a葛馬丁夫婦
=245  \\$a你也能確認神的引導
=260  \\$a臺北
=260  \\$b校園
=300  \\$a0

