=LDR  00000nam a2200000Ia 4500
=008  150128s9999||||xx\||||||||||||||\||und||
=041  \\$a國 語
=100  \\$a寧 子
=245  \\$a跨 越 理 性 的 障 礙  二
=260  \\$a美 國
=260  \\$b信 望 愛
=300  \\$a0

