=LDR  00000nam a2200000Ia 4500
=008  150128s9999||||xx\||||||||||||||\||und||
=041  \\$a國 語
=100  \\$a和 撒 拿
=245  \\$a和 撒 拿 演 唱 會
=260  \\$a美 國
=260  \\$b合 撒 拿
=300  \\$a0

