=LDR  00000nam a2200000Ia 4500
=008  150128s9999||||xx\||||||||||||||\||und||
=100  \\$a遠 志 明
=245  \\$a今 生 與 永 生
=260  \\$a美 國
=260  \\$b紐 約
=300  \\$a0

