=LDR  00000nam a2200000Ia 4500
=008  150128s9999||||xx\||||||||||||||\||und||
=041  \\$a國 語
=100  \\$a李 健
=245  \\$a讀 經 要 訣  ( 二  )
=260  \\$a美 國
=260  \\$b新 城
=300  \\$a0

