=LDR  00000nam a2200000Ia 4500
=008  150128s9999||||xx\||||||||||||||\||und||
=041  \\$a國 語
=100  \\$a陳 敏 慧
=245  \\$a如 何 向 佛 教 徒 傳 福 音
=260  \\$a美 國
=260  \\$b洛 山 磯
=300  \\$a0

