=LDR  00000nam a2200000Ia 4500
=008  150128s9999||||xx\||||||||||||||\||und||
=041  \\$a國 語
=100  \\$a鄭 麗 津
=245  \\$a我 的 見 証 ( 尼 姑 - 基 督 徒 )
=260  \\$a美 國
=260  \\$b新 城
=300  \\$a0

