=LDR  00000nam a2200000Ia 4500
=008  150128s9999||||xx\||||||||||||||\||und||
=041  \\$a國 語
=245  \\$a讚美系列短歌集
=260  \\$a台灣
=260  \\$b榮光傳道會
=300  \\$a0

