=LDR  00000nam a2200000Ia 4500
=008  150128s9999||||xx\||||||||||||||\||und||
=041  \\$a英 語
=100  \\$a"Meyer, F.B."
=245  \\$athe Life of David
=260  \\$a"Lynnwood, Washington"
=260  \\$bEmerald Books
=300  \\$a182p.

