=LDR  00000nam a2200000Ia 4500
=008  150128s9999||||xx\||||||||||||||\||und||
=041  \\$a英 語
=100  \\$a"Gustaveson, Dave"
=245  \\$aMystery at Smokey Mountain
=260  \\$a"Seattle, WA"
=260  \\$bYWAN
=300  \\$a144p.

