=LDR  00000nam a2200000Ia 4500
=008  150128s9999||||xx\||||||||||||||\||und||
=041  \\$a英 語
=100  \\$a"Jackson, Dave & Neta"
=245  \\$aAmbushed in Jagusr Swamp
=260  \\$a"Minneapolis, Minnesota"
=260  \\$bBethany House
=300  \\$a143p.

