=LDR  00000nam a2200000Ia 4500
=008  150128s9999||||xx\||||||||||||||\||und||
=041  \\$a國 語
=100  \\$a"Jackson, Dave & Neta"
=245  \\$aAssassins in the Cathedral
=260  \\$a"Minneapolis, Minnesota"
=260  \\$bBethany House
=300  \\$a142p.

