=LDR  00000nam a2200000Ia 4500
=008  150128s9999||||xx\||||||||||||||\||und||
=041  \\$a英 語
=100  \\$a"Wiggin, Eric"
=245  \2$aA Hound for Hannah
=260  \\$aLynnwood Washington
=260  \\$bEmerald Books
=300  \\$a152p.

