=LDR  00000nam a2200000Ia 4500
=008  150128s9999||||xx\||||||||||||||\||und||
=041  \\$a英 語
=100  \\$a"Benge, Janet & Geoff"
=245  \\$aDavid Livingstone-Africa's Trailblazer
=260  \\$a"Seattle, WA"
=260  \\$bYWAN
=300  \\$a214p..

