=LDR  00000nam a2200000Ia 4500
=008  150128s9999||||xx\||||||||||||||\||und||
=100  \\$a救傳
=245  \\$a讓全世界都知道 （ 第一集 上 )   ?7
=260  \\$a0
=260  \\$b1999

