=LDR  00000nam a2200000Ia 4500
=008  150128s9999||||xx\||||||||||||||\||und||
=041  \\$a國 語
=100  \\$a殷保羅
=245  \\$a慕迪神學手冊
=260  \\$a香港
=260  \\$b福音証協
=300  \\$a35.1

