=LDR  00000nam a2200000Ia 4500
=008  150128s9999||||xx\||||||||||||||\||und||
=041  \\$a國 語
=100  \\$a蘇德倫
=245  \\$a脫胎換骨奔標竿
=260  \\$a美國賓州
=260  \\$b使者
=300  \\$a0

