=LDR  00000nam a2200000Ia 4500
=008  150128s9999||||xx\||||||||||||||\||und||
=041  \\$a國 語
=245  \\$a新城二十周年感恩禮拜 ( 二 )
=260  \\$a紐約
=260  \\$b新城
=300  \\$a0

