=LDR  00000nam a2200000Ia 4500
=008  150128s9999||||xx\||||||||||||||\||und||
=100  \\$a紐約佈道會
=245  \\$a今生與永生（二﹞?14
=260  \\$a0
=260  \\$b2000

