=LDR  00000nam a2200000Ia 4500
=008  150128s9999||||xx\||||||||||||||\||und||
=041  \\$a國 語
=100  \\$a"Lyall, Leslie T,"
=245  \\$a中國教會三巨人
=260  \\$a臺灣
=260  \\$b橄欖
=300  \\$a95p.

