=LDR  00000nam a2200000Ia 4500
=008  150128s9999||||xx\||||||||||||||\||und||
=041  \\$a國 語
=100  \\$a"Dobson, James"
=245  \\$a管教孩子不抓狂
=260  \\$a臺灣
=260  \\$b道聲
=300  \\$a309p.

