=LDR  00000nam a2200000Ia 4500
=008  150128s9999||||xx\||||||||||||||\||und||
=100  \\$a"Paterson, Ross"
=245  \\$a隱藏的神蹟
=260  \\$a臺灣?200p.
=260  \\$b以琳

