=LDR  00000nam a2200000Ia 4500
=008  150128s9999||||xx\||||||||||||||\||und||
=041  \\$a國 語
=100  \\$a"Packer, J.I."
=245  \\$a簡明神學
=260  \\$a美國
=260  \\$b更新
=300  \\$a225p.

