=LDR  00000nam a2200000Ia 4500
=008  150128s9999||||xx\||||||||||||||\||und||
=041  \\$a國 語
=100  \\$a"Harwell, Amy"
=245  \\$a如果幫助癌症朋友
=260  \\$a臺灣
=260  \\$b校園
=300  \\$a149p.

