=LDR  00000nam a2200000Ia 4500
=008  150128s9999||||xx\||||||||||||||\||und||
=041  \\$a國 語
=100  \\$a"Parshall, Phil"
=245  \\$a烈焰城堡—回教世界初探
=260  \\$a臺灣
=260  \\$b校園
=300  \\$a167p.

