=LDR  00000nam a2200000Ia 4500
=008  150128s9999||||xx\||||||||||||||\||und||
=041  \\$a國 語
=100  \\$a陳金獅
=245  \\$a一貫道揭密
=260  \\$a臺灣
=260  \\$b人人書樓
=300  \\$a56p.

