=LDR  00000nam a2200000Ia 4500
=008  150128s9999||||xx\||||||||||||||\||und||
=041  \\$a國 語
=100  \\$a劉志雄/劉王愛君
=245  \\$a牽手一世情
=260  \\$a臺灣
=260  \\$b道聲
=300  \\$a298p.

