=LDR  00000nam a2200000Ia 4500
=008  150128s9999||||xx\||||||||||||||\||und||
=041  \\$a國 語
=100  \\$a孫務信
=245  \\$a哦，祂的愛！
=260  \\$a香港
=260  \\$b活道
=300  \\$a137p.

