=LDR  00000nam a2200000Ia 4500
=008  150128s9999||||xx\||||||||||||||\||und||
=041  \\$a國 語
=100  \\$a劉志雄
=245  \\$a不一樣的人生
=260  \\$a臺灣
=260  \\$b提比哩亞
=300  \\$a164p.

