=LDR  00000nam a2200000Ia 4500
=008  150128s9999||||xx\||||||||||||||\||und||
=041  \\$a國 語
=100  \\$a江守道/劉志雄
=245  \\$a福音與教會
=260  \\$a臺灣
=260  \\$b道聲
=300  \\$a149p.

