=LDR  00000nam a2200000Ia 4500
=008  150128s9999||||xx\||||||||||||||\||und||
=041  \\$a國 語
=100  \\$a"Swindoll, Charles R."
=245  \\$a活在恩典中（上）
=260  \\$a臺灣
=260  \\$b橄欖
=300  \\$a183p.

