=LDR  00000nam a2200000Ia 4500
=008  150128s9999||||xx\||||||||||||||\||und||
=041  \\$a國 語
=100  \\$a"Petersen, Jim"
=245  \\$a生活化門徒訓練
=260  \\$a臺灣
=260  \\$b主日學
=300  \\$a204p.

