=LDR  00000nam a2200000Ia 4500
=008  150128s9999||||xx\||||||||||||||\||und||
=041  \\$a國 語
=100  \\$a"George, Carl F."
=245  \\$a未雨綢繆話增長
=260  \\$a美國
=260  \\$b台福
=300  \\$a271p.

