=LDR  00000nam a2200000Ia 4500
=008  150128s9999||||xx\||||||||||||||\||und||
=100  \\$a校園
=245  \\$a天國派對?0
=260  \\$a176p.
=260  \\$b1996

