=LDR  00000nam a2200000Ia 4500
=008  150128s9999||||xx\||||||||||||||\||und||
=041  \\$a國 語
=245  \4$aThe Pineapple Story- How to Conquer Anger
=260  \\$a"Oak Brook, Illinois"
=260  \\$bInstittute in Basic Life Principles
=300  \\$a39p.

