=LDR  00000nam a2200000Ia 4500
=008  150128s9999||||xx\||||||||||||||\||und||
=041  \\$a國 語
=100  \\$a唐崇榮
=245  \\$a實踐衛道學(7)
=260  \\$a美國
=260  \\$b歸正學院
=300  \\$a60m.

