=LDR  00000nam a2200000Ia 4500
=008  150128s9999||||xx\||||||||||||||\||und||
=041  \\$a國 語
=100  \\$a遠 志 明
=245  \\$a神 州 - 第 三；四 集
=260  \\$a加 州
=260  \\$b神 州 傳 尬播
=300  \\$a0

