=LDR  00000nam a2200000Ia 4500
=008  150128s9999||||xx\||||||||||||||\||und||
=041  \\$a國 語
=100  \\$aMoyter J. A.
=245  \\$a雅各書
=260  \\$a臺灣
=260  \\$b校園
=300  \\$a255

