=LDR  00000nam a2200000Ia 4500
=008  150128s9999||||xx\||||||||||||||\||und||
=041  \\$a國 語
=100  \\$a余 裕 義
=245  \\$a"中年~危機 (3, 4 )"
=260  \\$a洛 杉 磯
=260  \\$b台 福
=300  \\$a0

