=LDR  00000nam a2200000Ia 4500
=008  150128s9999||||xx\||||||||||||||\||und||
=041  \\$a國 語
=100  \\$a周美德
=245  \\$a在苦境中快樂
=260  \\$a台灣
=260  \\$b美德
=300  \\$a0

