=LDR  00000nam a2200000Ia 4500
=008  150128s9999||||xx\||||||||||||||\||und||
=041  \\$a國 語
=100  \\$a唐 崇 榮
=245  \\$a人 生 的 困 境 與 出 路 (4/4)
=260  \\$a美 國
=260  \\$b國 際 佈 道 團
=300  \\$a0

