=LDR  00000nam a2200000Ia 4500
=008  150128s9999||||xx\||||||||||||||\||und||
=041  \\$a英 語
=245  \4$aThe Story of Jesus for nChildren
=260  \\$aCA
=260  \\$bThe  Jesus Film Project
=300  \\$a0

