=LDR  00000nam a2200000Ia 4500
=008  150128s9999||||xx\||||||||||||||\||und||
=041  \\$a國 語
=100  \\$aSam Butcher
=245  \\$aSeasons of God's Love Series
=260  \\$aUSA
=260  \\$bCEF
=300  \\$a0

