=LDR  00000nam a2200000Ia 4500
=008  150128s9999||||xx\||||||||||||||\||und||
=100  \\$a曲 應 孚?天 道
=245  \\$a以 斯 拉 記
=260  \\$a327
=260  \\$b1998

