=LDR  00000nam a2200000Ia 4500
=008  150128s9999||||xx\||||||||||||||\||und||
=041  \\$a國 語
=100  \\$a曲 應 毓
=245  \\$a激 流 砥 柱
=260  \\$a恩 福 協 會
=260  \\$b加 拿 大
=300  \\$a116

