=LDR  00000nam a2200000Ia 4500
=008  150128s9999||||xx\||||||||||||||\||und||
=041  \\$a國 語
=100  \\$a杜 博 生
=245  \\$a不 可 理 喻 的 上 帝
=260  \\$a台 北
=260  \\$b中 國 主 協
=300  \\$a242

