=LDR  00000nam a2200000Ia 4500
=008  150128s9999||||xx\||||||||||||||\||und||
=041  \\$a國 語
=100  \\$aDave Gustaveson
=245  \4$aThe Missing Video
=260  \\$aLynnwood Washington
=260  \\$bEmerald Books
=300  \\$a143p

