=LDR  00000nam a2200000Ia 4500
=008  150128s9999||||xx\||||||||||||||\||und||
=100  \\$a唐重榮佈道團
=245  \\$a二十一世紀與科技大勢?12
=260  \\$a0
=260  \\$b2000

