=LDR  00000nam a2200000Ia 4500
=008  150128s9999||||xx\||||||||||||||\||und||
=041  \\$a國 語
=100  \\$a陳佐人
=245  \\$a二十一世紀與後現代思想
=260  \\$a美國
=260  \\$b唐重榮佈道團
=300  \\$a0

