=LDR  00000nam a2200000Ia 4500
=008  150128s9999||||xx\||||||||||||||\||und||
=041  \\$a國 語
=100  \\$a鍾志邦
=245  \\$a舊約事奉典範
=260  \\$a美國
=260  \\$b唐重榮佈道團
=300  \\$a0

