=LDR  00000nam a2200000Ia 4500
=008  150128s9999||||xx\||||||||||||||\||und||
=041  \\$a國 語
=100  \\$a呂鴻基
=245  \\$a改變生命的教導  〔2A〕
=260  \\$a"Dallas, Texas"
=260  \\$b中華聖經教協
=300  \\$a0

