=LDR  00000nam a2200000Ia 4500
=008  150128s9999||||xx\||||||||||||||\||und||
=041  \\$a國 語
=100  \\$a呂周萍媚
=245  \\$af如何教養小孩
=260  \\$a"Dallas, Texas"
=260  \\$b中華聖經教協
=300  \\$a0

