=LDR  00000nam a2200000Ia 4500
=008  150128s9999||||xx\||||||||||||||\||und||
=041  \\$a國 語
=100  \\$a"Neighbour, Ralph W.Jr."
=245  \\$a何去何從
=260  \\$a新加坡
=260  \\$b高接觸國際私人有限公司
=300  \\$a345p.

