=LDR  00000nam a2200000Ia 4500
=008  150128s9999||||xx\||||||||||||||\||und||
=041  \\$a國 語
=100  \\$a"Comiskey, Joel"
=245  \\$a細胞小組的爆炸力
=260  \\$a香港
=260  \\$b高接觸有限公司
=300  \\$a189p.

