=LDR  00000nam a2200000Ia 4500
=008  150128s9999||||xx\||||||||||||||\||und||
=041  \\$a國 語
=100  \\$a楊寧亞登
=245  \\$a小組教會建造面面觀﹛]）
=260  \\$a台灣
=260  \\$b道聲
=300  \\$a238p.

