=LDR  00000nam a2200000Ia 4500
=008  150128s9999||||xx\||||||||||||||\||und||
=041  \\$a國 語
=100  \\$a"Comiskey, Joel"
=245  \\$a引爆復興-十二門徒小組
=260  \\$a台灣
=260  \\$b道聲
=300  \\$a191p.

