=LDR  00000nam a2200000Ia 4500
=008  150128s9999||||xx\||||||||||||||\||und||
=041  \\$a國 語
=100  \\$a"Willson, Bill"
=245  \\$a他是我的孩子
=260  \\$a台灣
=260  \\$b以琳
=300  \\$a237p.

