=LDR  00000nam a2200000Ia 4500
=008  150128s9999||||xx\||||||||||||||\||und||
=041  \\$a國 語
=100  \\$aMother Teresa etc.
=245  \\$a我在哈佛遇見神
=260  \\$a香港
=260  \\$b學生福音團契
=300  \\$a430p.

