=LDR  00000nam a2200000Ia 4500
=008  150128s9999||||xx\||||||||||||||\||und||
=041  \\$a國 語
=100  \\$a羅秉祥
=245  \\$a生死男女-選擇你的價值取向
=260  \\$a香港
=260  \\$b突破出版社
=300  \\$a237p.

