=LDR  00000nam a2200000Ia 4500
=008  150128s9999||||xx\||||||||||||||\||und||
=041  \\$a國 語
=100  \\$a大喜視聽中心
=245  \\$a海闊天空
=260  \\$a新加坡
=260  \\$b大喜視聽中心
=300  \\$a60m.

