=LDR  00000nam a2200000Ia 4500
=008  150128s9999||||xx\||||||||||||||\||und||
=041  \\$a國 語
=245  \\$a大提琴的獨白
=260  \\$a台灣
=260  \\$b靈糧堂
=300  \\$a35m.

