=LDR  00000nam a2200000Ia 4500
=008  150128s9999||||xx\||||||||||||||\||und||
=041  \\$a國 語
=100  \\$a劉世勝
=245  \\$a登山變樣-劉世勝生命分享
=260  \\$a台灣
=260  \\$b靈糧堂
=300  \\$a40m.

