=LDR  00000nam a2200000Ia 4500
=008  150128s9999||||xx\||||||||||||||\||und||
=041  \\$a國 語
=100  \\$a林義順
=245  \\$a黑夜的曙光-林義順生命分享
=260  \\$a台灣
=260  \\$b靈糧堂
=300  \\$a40m.

