=LDR  00000nam a2200000Ia 4500
=008  150128s9999||||xx\||||||||||||||\||und||
=100  \\$a翁景民
=245  \\$a擺  地 攤 的 小 子
=260  \\$a臺 北
=260  \\$b救  傳
=300  \\$a0

