=LDR  00000nam a2200000Ia 4500
=008  150128s9999||||xx\||||||||||||||\||und||
=100  \\$a林進友
=245  \\$a我的生命會轉彎
=260  \\$a臺 北
=260  \\$b救  傳
=300  \\$a0

