=LDR  00000nam a2200000Ia 4500
=008  150128s9999||||xx\||||||||||||||\||und||
=041  \\$a台 語
=100  \\$a葉明翰
=245  \\$a名與命的奧秘（上）
=260  \\$a台灣
=260  \\$b靈糧堂
=300  \\$a40m.

