=LDR  00000nam a2200000Ia 4500
=008  150128s9999||||xx\||||||||||||||\||und||
=041  \\$a國 語
=100  \\$a林合成
=245  \\$a咱的生命咱的歌
=260  \\$a台灣
=260  \\$b靈糧堂
=300  \\$a0

