=LDR  00000nam a2200000Ia 4500
=008  150128s9999||||xx\||||||||||||||\||und||
=041  \\$a國 語
=100  \\$a黃維仁
=245  \\$a從多重人格看心理治療的要素（2）
=260  \\$a台灣
=260  \\$b靈糧堂
=300  \\$a60m.

