=LDR  00000nam a2200000Ia 4500
=008  150128s9999||||xx\||||||||||||||\||und||
=041  \\$a國 語
=100  \\$a黃維仁
=245  \\$a心靈探索與醫治（上）（7）
=260  \\$a台灣
=260  \\$b靈糧堂
=300  \\$a60m.

