=LDR  00000nam a2200000Ia 4500
=008  150128s9999||||xx\||||||||||||||\||und||
=041  \\$a國 語
=100  \\$a黃維仁
=245  \\$a婚姻輔導（二）-實務操作（下）
=260  \\$a台灣
=260  \\$b靈糧堂
=300  \\$a60m.

