=LDR  00000nam a2200000Ia 4500
=008  150128s9999||||xx\||||||||||||||\||und||
=041  \\$a國 語
=100  \\$a葉明翰
=245  \\$a命運與命律
=260  \\$a紐約
=260  \\$b長島新城
=300  \\$a0

