=LDR  00000nam a2200000Ia 4500
=008  150128s9999||||xx\||||||||||||||\||und||
=041  \\$a國 語
=100  \\$a莊祖鯤
=245  \\$a追求卓越
=260  \\$a美國
=260  \\$b華聖
=300  \\$a0

