=LDR  00000nam a2200000Ia 4500
=008  150128s9999||||xx\||||||||||||||\||und||
=041  \\$a國 語
=100  \\$a寧子
=245  \\$a你問我答〔 四〕
=260  \\$a美國
=260  \\$b信望愛
=300  \\$a0

