=LDR  00000nam a2200000Ia 4500
=008  150128s9999||||xx\||||||||||||||\||und||
=041  \\$a國 語
=100  \\$a王建楦
=245  \\$a開心— 開 開 心 心 走 一 回
=260  \\$a台 北
=260  \\$b高 寶
=300  \\$a0

