=LDR  00000nam a2200000Ia 4500
=008  150128s9999||||xx\||||||||||||||\||und||
=041  \\$a國 語
=100  \\$a"Hybels, Bill"
=245  \\$a你 也 能 忙 中 取 靜 談 禱 告
=260  \\$a臺 北
=260  \\$b校 園
=300  \\$a0

