=LDR  00000nam a2200000Ia 4500
=008  150128s9999||||xx\||||||||||||||\||und||
=041  \\$a國 語
=100  \\$a李 家 同
=245  \\$a讓 高 牆 倒 下 吧
=260  \\$a臺 北
=260  \\$b聯 經
=300  \\$a0

