=LDR  00000nam a2200000Ia 4500
=008  150128s9999||||xx\||||||||||||||\||und||
=041  \\$a國 語
=100  \\$a"Huyssen, Chet & Lucile"
=245  \\$a親眼見耶穌
=260  \\$a臺北
=260  \\$b橄欖基金會
=300  \\$a137p.

