=LDR  00000nam a2200000Ia 4500
=008  150128s9999||||xx\||||||||||||||\||und||
=041  \\$a國 語
=100  \\$a"Chemnitz,Martin"
=245  \\$a基督的神人二性
=260  \\$a臺北
=260  \\$b中 華 信 義 會 神 學 院
=300  \\$a177p.

