=LDR  00000nam a2200000Ia 4500
=008  150128s9999||||xx\||||||||||||||\||und||
=041  \\$a國 語
=100  \\$aWalton John H.
=245  \\$a舊約背景與年代表
=260  \\$a臺北
=260  \\$b中華福音神學院
=300  \\$a0

