=LDR  00000nam a2200000Ia 4500
=008  150128s9999||||xx\||||||||||||||\||und||
=041  \\$a台 語
=100  \\$a劉 瑞 賢
=245  \\$a人生三大問題
=260  \\$a美 國
=260  \\$b紐約新城歸正教會
=300  \\$a90m.

