=LDR  00000nam a2200000Ia 4500
=008  150128s9999||||xx\||||||||||||||\||und||
=041  \\$a國 語
=100  \\$a余裕義
=245  \\$a現代家庭的危機
=260  \\$a美國
=260  \\$b洛杉磯
=300  \\$a0

