=LDR  00000nam a2200000Ia 4500
=008  150128s9999||||xx\||||||||||||||\||und||
=041  \\$a國 語
=100  \\$aunknown
=245  \\$a哥 林 多 前 後 書 (9)
=260  \\$aunknown
=260  \\$bunknown
=300  \\$a0

