=LDR  00000nam a2200000Ia 4500
=008  150128s9999||||xx\||||||||||||||\||und||
=041  \\$a國 語
=100  \\$a江 秀 琴
=245  \\$a如 何 明 白 神 的 旨 意 (2)
=260  \\$a美 國
=260  \\$b紐 約 主 恩 堂
=300  \\$a0

