=LDR  00000nam a2200000Ia 4500
=008  150128s9999||||xx\||||||||||||||\||und||
=041  \\$a國 語
=100  \\$a李 水 蓮
=245  \\$a我 的 星 路 歷 程
=260  \\$a美 國
=260  \\$b紐 約 新 城 歸 正 教 會
=300  \\$a0

