=LDR  00000nam a2200000Ia 4500
=008  150128s9999||||xx\||||||||||||||\||und||
=041  \\$a國 語
=100  \\$a呂 代 豪
=245  \\$a地 獄 與 天 堂
=260  \\$a美 國
=260  \\$b紐 約 歸 正 教 會
=300  \\$a0

