=LDR  00000nam a2200000Ia 4500
=008  150128s9999||||xx\||||||||||||||\||und||
=041  \\$a國 語
=245  \\$a奇 妙 揀 選
=260  \\$a臺 灣
=260  \\$b主 臨 萬 邦
=300  \\$a0

