=LDR  00000nam a2200000Ia 4500
=008  150128s9999||||xx\||||||||||||||\||und||
=041  \\$a國 語
=100  \\$a謝 文 郁
=245  \\$a失 魂 與 還 魂 — 中 國 文 化 的 困 惑 郁 出 路
=260  \\$a加 拿 大
=260  \\$b加 拿 大 證 主 協 會
=300  \\$a203p.

