=LDR  00000nam a2200000Ia 4500
=008  150128s9999||||xx\||||||||||||||\||und||
=041  \\$a國 語
=100  \\$a林 慈 信
=245  \\$a先 驅 郁 過 客 — 再 說 基 督 教 新 文 化 運 動
=260  \\$a加 拿 大
=260  \\$b加 拿 大 證 主 協 會
=300  \\$a264p.

