=LDR  00000nam a2200000Ia 4500
=008  150128s9999||||xx\||||||||||||||\||und||
=041  \\$a國 語
=100  \\$a王 忠 欣
=245  \\$a傳 統 與 教 育 — 基 督 教 與 中 國 近 現 代 教 育
=260  \\$a加 拿 大
=260  \\$b加 拿 大 證 主 協 會
=300  \\$a289p.

