=LDR  00000nam a2200000Ia 4500
=008  150128s9999||||xx\||||||||||||||\||und||
=041  \\$a國 語
=100  \\$a莊 祖 鯤
=245  \\$a契 合 郁 轉 化
=260  \\$a加 拿 大
=260  \\$b加 拿 大 證 主 協 會
=300  \\$a316p.

