=LDR  00000nam a2200000Ia 4500
=008  150128s9999||||xx\||||||||||||||\||und||
=041  \\$a國 語
=100  \\$a王 峙 軍
=245  \\$a比 較 人 論  — 基 督 教 人 論 與 中 國 人 性 論
=260  \\$a加 拿 大
=260  \\$b加 拿 大 證 主 協 會
=300  \\$a289p.

