=LDR  00000nam a2200000Ia 4500
=008  150128s9999||||xx\||||||||||||||\||und||
=041  \\$a國 語
=100  \\$a何 仲 柯
=245  \\$a同 心 同 行
=260  \\$a美 國
=260  \\$b若 歌 教 會 倚 恩 少 年 事 工 中 心
=300  \\$a0

