=LDR  00000nam a2200000Ia 4500
=008  150128s9999||||xx\||||||||||||||\||und||
=041  \\$a國 語
=100  \\$a"House,H.Wayne"
=245  \\$a基 督 教 神 學 與 教 義 圖 表
=260  \\$a臺北
=260  \\$b中華福音神學院
=300  \\$a145p.

