=LDR  00000nam a2200000Ia 4500
=008  150128s9999||||xx\||||||||||||||\||und||
=041  \\$a國 語
=100  \\$a楊 摩 西
=245  \\$a悖 逆 的 先 知
=260  \\$a臺 北
=260  \\$b生 命
=300  \\$a0

