=LDR  00000nam a2200000Ia 4500
=008  150128s9999||||xx\||||||||||||||\||und||
=041  \\$a國 語
=100  \\$a張 陳 微 童
=245  \\$a我 必 不 撇 下 你
=260  \\$a香 港
=260  \\$b基 道
=300  \\$a0

