=LDR  00000nam a2200000Ia 4500
=008  150128s9999||||xx\||||||||||||||\||und||
=041  \\$a國 語
=100  \\$a滕 近 輝 。 。
=245  \\$a更 深 的 生 命 與 事 奉
=260  \\$a紐 約
=260  \\$b夏 令 退 修 會
=300  \\$a0

