=LDR  00000nam a2200000Ia 4500
=008  150128s9999||||xx\||||||||||||||\||und||
=041  \\$a國 語
=100  \\$a李 富 生
=245  \\$a棄 暗 投 明
=260  \\$a臺 北
=260  \\$b靈 糧 堂
=300  \\$a0

