=LDR  00000nam a2200000Ia 4500
=008  150128s9999||||xx\||||||||||||||\||und||
=041  \\$a國 語
=100  \\$a姜 禮 振
=245  \\$a浩 劫  宏 恩
=260  \\$a臺 北
=260  \\$b靈 糧 堂
=300  \\$a0

