=LDR  00000nam a2200000Ia 4500
=008  150128s9999||||xx\||||||||||||||\||und||
=041  \\$a國 語
=100  \\$a林 和 成
=245  \\$a咱 的 生 命 咱 的 歌
=260  \\$a臺 北
=260  \\$b靈 糧 堂
=300  \\$a0

