=LDR  00000nam a2200000Ia 4500
=008  150128s9999||||xx\||||||||||||||\||und||
=041  \\$a國 語
=100  \\$a俞 禮 正
=245  \\$a化 腐 朽 為 神 奇
=260  \\$a臺 北
=260  \\$b靈 糧 堂
=300  \\$a0

