=LDR  00000nam a2200000Ia 4500
=008  150128s9999||||xx\||||||||||||||\||und||
=041  \\$a國 語
=100  \\$a錢 玉 芬
=245  \\$a就 當 我 沒 有 生 過 你
=260  \\$a臺 北
=260  \\$b靈 糧 堂
=300  \\$a0

