=LDR  00000nam a2200000Ia 4500
=008  150128s9999||||xx\||||||||||||||\||und||
=041  \\$a國 語
=100  \\$a台 工 福 契
=245  \\$a歡 喜 平 安 的 人 生
=260  \\$a臺 北
=260  \\$b靈 糧 堂
=300  \\$a0

