=LDR  00000nam a2200000Ia 4500
=008  150128s9999||||xx\||||||||||||||\||und||
=041  \\$a國 語
=100  \\$a陳 澤 義
=245  \\$a為 什 麼 我 不 再 算 命
=260  \\$a臺 北
=260  \\$b靈 糧 堂
=300  \\$a0

