=LDR  00000nam a2200000Ia 4500
=008  150128s9999||||xx\||||||||||||||\||und||
=100  \\$a謝 宏 萱?靈 糧 堂
=245  \\$a從 癌 症 看 人 生
=260  \\$a0
=260  \\$b1999

