=LDR  00000nam a2200000Ia 4500
=008  150128s9999||||xx\||||||||||||||\||und||
=041  \\$a國 語
=100  \\$a馮秉誠
=245  \\$a科學與信仰  (二)
=260  \\$a美國 賓州
=260  \\$b信望愛
=300  \\$a0

