=LDR  00000nam a2200000Ia 4500
=008  150128s9999||||xx\||||||||||||||\||und||
=041  \\$a英 語
=100  \\$a"Fagal, William A."
=245  \\$aBy Faith I Live
=260  \\$a"Nashville, TN"
=260  \\$bSouthern Publishing Association
=300  \\$a192

