=LDR  00000nam a2200000Ia 4500
=008  150128s9999||||xx\||||||||||||||\||und||
=041  \\$a英 語
=100  \\$a"Elliot, Elisabeth"
=245  \2$aA Slow And Certain Light
=260  \\$a"Nashville, TN"
=260  \\$bAbingdon
=300  \\$a122

