=LDR  00000nam a2200000Ia 4500
=008  150128s9999||||xx\||||||||||||||\||und||
=041  \\$a英 語
=100  \\$a"McLelland, Joseph C."
=245  \\$aLiving For Christ
=260  \\$a"Richmond, VA"
=260  \\$bJohn Knox Press
=300  \\$a109

