=LDR  00000nam a2200000Ia 4500
=008  150128s9999||||xx\||||||||||||||\||und||
=041  \\$a英 語
=100  \\$a"Niles, D. T."
=245  \\$aWe Know In Part
=260  \\$a"Philadelphia, PA"
=260  \\$bWestminster Press
=300  \\$a158

