=LDR  00000nam a2200000Ia 4500
=008  150128s9999||||xx\||||||||||||||\||und||
=041  \\$a英 語
=100  \\$a"Yancey, Philip"
=245  \\$aDiappointment With God
=260  \\$a"New York, NY"
=260  \\$bHarper Collins Publishers
=300  \\$a318

