=LDR  00000nam a2200000Ia 4500
=008  150128s9999||||xx\||||||||||||||\||und||
=041  \\$a英 語
=100  \\$a"Wimber, John"
=245  \\$aSpiritual Gifts
=260  \\$a"Placentia, CA"
=260  \\$bVineyard Ministries International
=300  \\$a29

