=LDR  00000nam a2200000Ia 4500
=008  150128s9999||||xx\||||||||||||||\||und||
=041  \\$a英 語
=100  \\$a"Cranor, Phoebe"
=245  \\$aWhy Doesn't God Do Something
=260  \\$a"Minneapolis, MN"
=260  \\$bBethany Fellowship
=300  \\$a143

