=LDR  00000nam a2200000Ia 4500
=008  150128s9999||||xx\||||||||||||||\||und||
=041  \\$a英 語
=100  \\$a"Swindoll, Charles R."
=245  \\$aJohn the Baptizer
=260  \\$a"Anaheim, CA"
=260  \\$bInsight For Living
=300  \\$a77

