=LDR  00000nam a2200000Ia 4500
=008  150128s9999||||xx\||||||||||||||\||und||
=041  \\$a英 語
=100  \\$a"Barclay, William"
=245  \4$aAnd Jesus Said
=260  \\$a"Philadelphia, PA"
=260  \\$bWestminster Place
=300  \\$a222

