=LDR  00000nam a2200000Ia 4500
=008  150128s9999||||xx\||||||||||||||\||und||
=041  \\$a國 語
=100  \\$a"Habermas, Gary R."
=245  \\$aDealing With Doubt
=260  \\$a"Chicago, Il"
=260  \\$bMoody Press
=300  \\$a247

