=LDR  00000nam a2200000Ia 4500
=008  150128s9999||||xx\||||||||||||||\||und||
=041  \\$a英 語
=100  \\$a"Eastman, Addison"
=245  \2$aA Handful of Pearls: The Epistle of James
=260  \\$a"Philadelphia, PA"
=260  \\$bWestminster Press
=300  \\$a106

