=LDR  00000nam a2200000Ia 4500
=008  150128s9999||||xx\||||||||||||||\||und||
=041  \\$a英 語
=100  \\$a"De Vries, John F."
=245  \\$aWhat's It All About?
=260  \\$a"South Holland, IL"
=260  \\$bWolrd Home Bible League
=300  \\$a48

