=LDR  00000nam a2200000Ia 4500
=008  150128s9999||||xx\||||||||||||||\||und||
=041  \\$a國 語
=100  \\$a"Wyrick, Neil Jr."
=245  \\$aBoundaries Unlimited
=260  \\$a"Richmond, VA"
=260  \\$bJohn Knox Press
=300  \\$a96

