=LDR  00000nam a2200000Ia 4500
=008  150128s9999||||xx\||||||||||||||\||und||
=041  \\$a英 語
=100  \\$a"Sibley, Larry"
=245  \\$aLuke: Gospel for the City
=260  \\$a"Elgin, Il"
=260  \\$bDavid C. Cook Publishing Co.
=300  \\$a96

