=LDR  00000nam a2200000Ia 4500
=008  150128s9999||||xx\||||||||||||||\||und||
=041  \\$a英 語
=100  \\$a"Searle, Roger"
=245  \\$aPhilippians: Joy In The Lord
=260  \\$a"Elgin, IL"
=260  \\$bDavid C. Cook Publishing Co.
=300  \\$a96

