=LDR  00000nam a2200000Ia 4500
=008  150128s9999||||xx\||||||||||||||\||und||
=041  \\$a英 語
=100  \\$aChristian Reformed Church
=245  \\$aSession Guides
=260  \\$a"Grand Rapids, MI"
=260  \\$bCRC Publications
=300  \\$a145

