=LDR  00000nam a2200000Ia 4500
=008  150128s9999||||xx\||||||||||||||\||und||
=041  \\$a英 語
=100  \\$a"Kennedy, William Bean"
=245  \\$aInto Covenant Life
=260  \\$a"Richmond, VA"
=260  \\$bCLC Press
=300  \\$a376

