=LDR  00000nam a2200000Ia 4500
=008  150128s9999||||xx\||||||||||||||\||und||
=041  \\$a英 語
=100  \\$a"Kunz, Marilyn & Schell, Catherine"
=245  \\$aThey Met Jesus: 8 Discussion Studies of New Testament Characters
=260  \\$a"Dobbs Ferry, NY"
=260  \\$bNeighborhood Bible Studies
=300  \\$a48

