=LDR  00000nam a2200000Ia 4500
=008  150128s9999||||xx\||||||||||||||\||und||
=041  \\$a英 語
=100  \\$a"Morris, Henry M. & Morris, John D."
=245  \\$a"Science, Scripture, and the Young Earth"
=260  \\$a"El Cajon, CA"
=260  \\$bInstitute for Creation Research
=300  \\$a95

