=LDR  00000nam a2200000Ia 4500
=008  150128s9999||||xx\||||||||||||||\||und||
=041  \\$a英 語
=100  \\$a"Stott, John R. W."
=245  \\$aBasic Introduction to the New Testament
=260  \\$a"Grand Rapids, MI"
=260  \\$bWM. B. Eerdmans Publishing Co.
=300  \\$a179

