=LDR  00000nam a2200000Ia 4500
=008  150128s9999||||xx\||||||||||||||\||und||
=041  \\$a英 語
=100  \\$a"Barrington, Porter"
=245  \4$aThe Christian Life: New Testament With the Psalms
=260  \\$a"Minneapoilis, MN"
=260  \\$bWorld Wide Publications
=300  \\$a561

