=LDR  00000nam a2200000Ia 4500
=008  150128s9999||||xx\||||||||||||||\||und||
=041  \\$a國 語
=100  \\$a"Nicholas, Ron"
=245  \\$aSmall Group Leaders' Handbook
=260  \\$a"Downers Grove, IL"
=260  \\$bInterVarsity Press
=300  \\$a194

