=LDR  00000nam a2200000Ia 4500
=008  150128s9999||||xx\||||||||||||||\||und||
=041  \\$a英 語
=100  \\$a"Schimidt, J. David"
=245  \\$aMore Graffiti: Devotional For Girls
=260  \\$a"Old Tappan, NJ"
=260  \\$bFleming Revel Co.
=300  \\$a131

