=LDR  00000nam a2200000Ia 4500
=008  150128s9999||||xx\||||||||||||||\||und||
=041  \\$a英 語
=100  \\$a"Boone, Pat"
=245  \\$aPray To Win: God Wants You To Succeed
=260  \\$a"New York, NY"
=260  \\$bG. P. Putnam's Sons
=300  \\$a183

