=LDR  00000nam a2200000Ia 4500
=008  150128s9999||||xx\||||||||||||||\||und||
=041  \\$a英 語
=100  \\$a"Arnold, Jeff"
=245  \\$aSmall Group Starter Kit
=260  \\$a"Downers Grove, IL"
=260  \\$bIntervarsity Press
=300  \\$a64

