=LDR  00000nam a2200000Ia 4500
=008  150128s9999||||xx\||||||||||||||\||und||
=041  \\$a英 語
=100  \\$a"Bright, Bill"
=245  \\$aHow To Be Filled With The Spirit
=260  \\$a"San Bernardino, CA"
=260  \\$bHere's Life Publishers
=300  \\$a58

