=LDR  00000nam a2200000Ia 4500
=008  150128s9999||||xx\||||||||||||||\||und||
=041  \\$a英 語
=100  \\$a"Nyquist, James F. & Kuhatschek, Jack"
=245  \\$aLeading Bible Discussions
=260  \\$a"Downers Grove, IL"
=260  \\$bInervarsity Press
=300  \\$a64

