=LDR  00000nam a2200000Ia 4500
=008  150128s9999||||xx\||||||||||||||\||und||
=041  \\$a英 語
=100  \\$a"Liebman, Joshua Loth"
=245  \\$aPeace of Mind
=260  \\$a"New York, NY"
=260  \\$bSimon & Schuster
=300  \\$a203

