=LDR  00000nam a2200000Ia 4500
=008  150128s9999||||xx\||||||||||||||\||und||
=041  \\$a英 語
=100  \\$a"Elliot, Elisabeth"
=245  \\$aShadow of the Almighty
=260  \\$a"San Francisco, CA"
=260  \\$bHarper Collins Publishers
=300  \\$a256

