=LDR  00000nam a2200000Ia 4500
=008  150128s9999||||xx\||||||||||||||\||und||
=041  \\$a英 語
=100  \\$a"Dravecky, Dave & Jan"
=245  \\$aWhen You Can't Come Back
=260  \\$a"Grand Rapids, Mi"
=260  \\$bZondervan Publishing House
=300  \\$a199

