=LDR  00000nam a2200000Ia 4500
=008  150128s9999||||xx\||||||||||||||\||und||
=041  \\$a英 語
=100  \\$a"Long, Zeb Bradford & McMurry, Douglas"
=245  \\$aReceiving the Power
=260  \\$a"Grand Rapids, MI"
=260  \\$bBaker Book House Co.: Chosen Books
=300  \\$a261

