=LDR  00000nam a2200000Ia 4500
=008  150128s9999||||xx\||||||||||||||\||und||
=041  \\$a英 語
=100  \\$a"Hughes, Philip E."
=245  \\$aHope for a Despairing World
=260  \\$a"Phillipsburg, NJ"
=260  \\$bPresbyterian and Reformed Publishing Company
=300  \\$a125

