=LDR  00000nam a2200000Ia 4500
=008  150128s9999||||xx\||||||||||||||\||und||
=041  \\$a英 語
=100  \\$a"Van Eck, Arthur O."
=245  \\$aYou Are Called to Be a Disciple
=260  \\$aVarious
=260  \\$bReformed Church Publishing
=300  \\$a41

