=LDR  00000nam a2200000Ia 4500
=008  150128s9999||||xx\||||||||||||||\||und||
=041  \\$a英 語
=100  \\$a"Drummond, Henry"
=245  \4$aThe Greatest Thing in the World
=260  \\$a"Westwood, NJ"
=260  \\$bFleming H. Revell Company
=300  \\$a63

