=LDR  00000nam a2200000Ia 4500
=008  150128s9999||||xx\||||||||||||||\||und||
=041  \\$a英 語
=100  \\$a"Bryant, David"
=245  \\$aConcerts of Prayer
=260  \\$a"Ventura, CA"
=260  \\$bGL Publications: Regal Books
=300  \\$a248

