=LDR  00000nam a2200000Ia 4500
=008  150128s9999||||xx\||||||||||||||\||und||
=041  \\$a英 語
=100  \\$a"Schuller, Robert H."
=245  \\$aTough-Minded Faith for Tender-Hearted People
=260  \\$a"Toronto, Canada"
=260  \\$bBantam Books
=300  \\$a365

