=LDR  00000nam a2200000Ia 4500
=008  150128s9999||||xx\||||||||||||||\||und||
=041  \\$a英 語
=100  \\$a"Powell, John"
=245  \\$aWhy Am I Afraid to Tell You Who I Am
=260  \\$a"Allen, TX"
=260  \\$bArgus Communications
=300  \\$a167

