=LDR  00000nam a2200000Ia 4500
=008  150128s9999||||xx\||||||||||||||\||und||
=041  \\$a英 語
=100  \\$a"Bunyan, John"
=245  \\$aHoly War
=260  \\$a"Springdale, PA"
=260  \\$bWhitaker House
=300  \\$a291

