=LDR  00000nam a2200000Ia 4500
=008  150128s9999||||xx\||||||||||||||\||und||
=041  \\$a國 語
=100  \\$a榮 光 傳 道 會
=245  \\$a讚 美 系 列 短 歌 集
=260  \\$a香 港
=260  \\$b榮 光
=300  \\$a0

