=LDR  00000nam a2200000Ia 4500
=008  150128s9999||||xx\||||||||||||||\||und||
=041  \\$a國 語
=100  \\$a"Gilbert Beers, V,"
=245  \\$a幼 兒 聖 經 ( 第二 課 )
=260  \\$a香 港
=260  \\$b純 真
=300  \\$a526

