=LDR  00000nam a2200000Ia 4500
=008  150128s9999||||xx\||||||||||||||\||und||
=041  \\$a國 語
=100  \\$a"Paoline,Edizioni"
=245  \\$a聖 經 -最 美 麗 的 故 事
=260  \\$a臺 北
=260  \\$b聖 保 祿 孝 女 會
=300  \\$a296

