=LDR  00000nam a2200000Ia 4500
=008  150128s9999||||xx\||||||||||||||\||und||
=041  \\$a國 語
=100  \\$a山 口 昇
=245  \\$a漫 話 福 音 -耶 穌 生 平
=260  \\$a臺 北
=260  \\$b福 音 証 主
=300  \\$a182

