=LDR  00000nam a2200000Ia 4500
=008  150128s9999||||xx\||||||||||||||\||und||
=041  \\$a國 語
=245  \\$a我 的 第 一 本 聖 經
=260  \\$a臺 北
=260  \\$b道 聲
=300  \\$a134

