=LDR  00000nam a2200000Ia 4500
=008  150128s9999||||xx\||||||||||||||\||und||
=041  \\$a國 語
=100  \\$aGeisler & Brooks
=245  \\$a當 代 護 教 手 冊
=260  \\$a臺 北
=260  \\$b校 園
=300  \\$a410

