=LDR  00000nam a2200000Ia 4500
=008  150128s9999||||xx\||||||||||||||\||und||
=041  \\$a國 語
=100  \\$a"Boice, James M."
=245  \\$a救 贖  之 神
=260  \\$a臺 北
=260  \\$b更 新 傳 道
=300  \\$a228

