=LDR  00000nam a2200000Ia 4500
=008  150128s9999||||xx\||||||||||||||\||und||
=041  \\$a國 語
=100  \\$a蔡 蘇 娟
=245  \\$a暗 室 之 后 (漫 畫 )
=260  \\$a臺 北
=260  \\$b証 道
=300  \\$a120

