=LDR  00000nam a2200000Ia 4500
=008  150128s9999||||xx\||||||||||||||\||und||
=041  \\$a國 語
=100  \\$a馮 蔭 坤
=245  \\$a希 伯 來 書 (卷 下 )
=260  \\$a香 港
=260  \\$b天 道
=300  \\$a484

