=LDR  00000nam a2200000Ia 4500
=008  150128s9999||||xx\||||||||||||||\||und||
=041  \\$a國 語
=100  \\$a李 保 羅
=245  \\$a希 伯 來 書 結 構 式 研 經 註 釋
=260  \\$a香 港
=260  \\$b天 道
=300  \\$a484

