=LDR  00000nam a2200000Ia 4500
=008  150128s9999||||xx\||||||||||||||\||und||
=041  \\$a國 語
=100  \\$a鄺 炳 釧
=245  \\$a創 世 記 (卷 二 )
=260  \\$a香 港
=260  \\$b天 道
=300  \\$a484

