=LDR  00000nam a2200000Ia 4500
=008  150128s9999||||xx\||||||||||||||\||und||
=041  \\$a國 語
=100  \\$a邵 晨 光
=245  \\$a尼 希 米 記
=260  \\$a香 港
=260  \\$b天 道
=300  \\$a526

