=LDR  00000nam a2200000Ia 4500
=008  150128s9999||||xx\||||||||||||||\||und||
=041  \\$a國 語
=100  \\$a詹 正 義
=245  \\$a撒 母 耳 記 上 (卷 一 )
=260  \\$a香 港
=260  \\$b天 道
=300  \\$a493

