=LDR  00000nam a2200000Ia 4500
=008  150128s9999||||xx\||||||||||||||\||und||
=041  \\$a國 語
=100  \\$a洪 同 勉
=245  \\$a利 末 記 (卷 上 )
=260  \\$a香 港
=260  \\$b天 道
=300  \\$a505

