=LDR  00000nam a2200000Ia 4500
=008  150128s9999||||xx\||||||||||||||\||und||
=100  \\$a黃 迦 勒
=245  \\$a約 翰 福 音 註 解 (上 冊 )
=260  \\$a248
=260  \\$b基 督 徒 文 祭?2001

