=LDR  00000nam a2200000Ia 4500
=008  150128s9999||||xx\||||||||||||||\||und||
=041  \\$a國 語
=100  \\$a馮 國 泰
=245  \\$a以弗 所 書
=260  \\$a香 港
=260  \\$b天 道
=300  \\$a157

