=LDR  00000nam a2200000Ia 4500
=008  150128s9999||||xx\||||||||||||||\||und||
=041  \\$a國 語
=100  \\$a傅 士 德
=245  \\$a屬 靈 傳 統 禮 讚
=260  \\$a香 港
=260  \\$b天 道
=300  \\$a336

