=LDR  00000nam a2200000Ia 4500
=008  150128s9999||||xx\||||||||||||||\||und||
=041  \\$a國 語
=100  \\$a王 明 約
=245  \\$a人 生 之 歌 (不 了 情)
=260  \\$a臺 北
=260  \\$b校 園
=300  \\$a75

