=LDR  00000nam a2200000Ia 4500
=008  150128s9999||||xx\||||||||||||||\||und||
=041  \\$a國 語
=100  \\$a李 席 舟
=245  \\$a人 生 之 歌 (望 春 風 )
=260  \\$a臺 北
=260  \\$b校 園
=300  \\$a80

