=LDR  00000nam a2200000Ia 4500
=008  150128s9999||||xx\||||||||||||||\||und||
=041  \\$a國 語
=100  \\$a陳 央 徹
=245  \\$a人 生 之 歌 (高 山 青  )
=260  \\$a臺 北
=260  \\$b校 園
=300  \\$a78

