=LDR  00000nam a2200000Ia 4500
=008  150128s9999||||xx\||||||||||||||\||und||
=041  \\$a國 語
=100  \\$a吳 倉 仁
=245  \\$a人 生 之 歌 (四 季 謠 )
=260  \\$a臺 北
=260  \\$b校 園
=300  \\$a75

