=LDR  00000nam a2200000Ia 4500
=008  150128s9999||||xx\||||||||||||||\||und||
=041  \\$a國 語
=100  \\$a朱 月 珍
=245  \\$a生 命 的 刺 客
=260  \\$a加 拿 大
=260  \\$b恩 雨 之 聲
=300  \\$a0

