=LDR  00000nam a2200000Ia 4500
=008  150128s9999||||xx\||||||||||||||\||und||
=041  \\$a國 語
=100  \\$a張 敏
=245  \\$a懸 崖 路 盡 見 真 光(一 )
=260  \\$a加 州
=260  \\$b信 望 愛
=300  \\$a0

