=LDR  00000nam a2200000Ia 4500
=008  150128s9999||||xx\||||||||||||||\||und||
=041  \\$a英 語
=100  \\$a"Bounds, E. M."
=245  \\$aPower Through Prayer
=260  \\$a"Springdale, PA"
=260  \\$bWhitaker House
=300  \\$a105

