=LDR  00000nam a2200000Ia 4500
=008  150128s9999||||xx\||||||||||||||\||und||
=041  \\$a英 語
=100  \\$a"Kauffman, Paul E."
=245  \\$aChina Today: Through China's Open Door
=260  \\$aHong Kong
=260  \\$bAisan Outreach Ltd.
=300  \\$a193

