=LDR  00000nam a2200000Ia 4500
=008  150128s9999||||xx\||||||||||||||\||und||
=041  \\$a英 語
=100  \\$a"Kauffman, Paul E."
=245  \\$aChina Tomorrow: China's Coming Revolution
=260  \\$aHong Kong
=260  \\$bAsian Outreach
=300  \\$a167

