=LDR  00000nam a2200000Ia 4500
=008  150128s9999||||xx\||||||||||||||\||und||
=041  \\$a英 語
=100  \\$a"Roberts, Frank C."
=245  \\$aTo All Generations: Teachers Manual
=260  \\$a"Grand Rapids, MI"
=260  \\$bBible Way
=300  \\$a148

