=LDR  00000nam a2200000Ia 4500
=008  150128s9999||||xx\||||||||||||||\||und||
=041  \\$a英 語
=100  \\$a"Flood, Robert"
=245  \\$aAmerica: God Shed His Grace On Thee
=260  \\$aN/A
=260  \\$bMoody Press
=300  \\$a159

