=LDR  00000nam a2200000Ia 4500
=008  150128s9999||||xx\||||||||||||||\||und||
=041  \\$a英 語
=100  \\$a"Simon, Edith"
=245  \4$aThe Reformation
=260  \\$a"New York, NY"
=260  \\$bTime-Life Books
=300  \\$a191

