=LDR  00000nam a2200000Ia 4500
=008  150128s9999||||xx\||||||||||||||\||und||
=041  \\$a英 語
=100  \\$a"Jeremiah, David"
=245  \\$aGod Meant It for Good: The LIfe of Joseph
=260  \\$a"Atlanta, GA"
=260  \\$bWalk Thru the Bible Ministries
=300  \\$a126

