=LDR  00000nam a2200000Ia 4500
=008  150128s9999||||xx\||||||||||||||\||und||
=041  \\$a英 語
=100  \\$a"Harrison, Richard L. Jr."
=245  \\$aJohn Calvin: Spread of the Reformation
=260  \\$a"Nashville, TN"
=260  \\$bGraded Press
=300  \\$a64

