=LDR  00000nam a2200000Ia 4500
=008  150128s9999||||xx\||||||||||||||\||und||
=041  \\$a英 語
=100  \\$a"Fair, Harold L."
=245  \\$aEarly Reformers: Winds of Change
=260  \\$a"Nashville, TN"
=260  \\$bGraded Press
=300  \\$a61

