=LDR  00000nam a2200000Ia 4500
=008  150128s9999||||xx\||||||||||||||\||und||
=041  \\$a英 語
=100  \\$a"Gonzalez, Catherine Gunsalus"
=245  \\$aLeo and Gregory
=260  \\$a"Nashville, TN"
=260  \\$bGraded Press
=300  \\$a63

