=LDR  00000nam a2200000Ia 4500
=008  150128s9999||||xx\||||||||||||||\||und||
=041  \\$a英 語
=100  \\$a"Groh, Dennis E."
=245  \\$aAugustine: Religion of the Heart
=260  \\$a"Nashville, TN"
=260  \\$bGraded Press
=300  \\$a64

