=LDR  00000nam a2200000Ia 4500
=008  150128s9999||||xx\||||||||||||||\||und||
=041  \\$a國 語
=100  \\$a張 敏
=245  \\$a新 意 更 新 的 學 習 (三 )
=260  \\$a加 州
=260  \\$b信 望 愛
=300  \\$a0

