=LDR  00000nam a2200000Ia 4500
=008  150128s9999||||xx\||||||||||||||\||und||
=041  \\$a英 語
=100  \\$a"Smith, Chuck"
=245  \\$aDeath of a Nation
=260  \\$a"Costa Mesa, CA"
=260  \\$bThe Word for Today
=300  \\$a12

