=LDR  00000nam a2200000Ia 4500
=008  150128s9999||||xx\||||||||||||||\||und||
=041  \\$a英 語
=100  \\$a"Boggs, Marion A."
=245  \\$aWhat Does God Require - in Race Relations
=260  \\$a"Richmond, VA"
=260  \\$bThe CLC Press
=300  \\$a48

