=LDR  00000nam a2200000Ia 4500
=008  150128s9999||||xx\||||||||||||||\||und||
=041  \\$a英 語
=100  \\$a"Johnson, Katherine"
=245  \\$aIn Our Time - 1947-1957
=260  \\$a"New York, NY"
=260  \\$bInterboard Committee for Christian Work in Japan
=300  \\$a80

