=LDR  00000nam a2200000Ia 4500
=008  150128s9999||||xx\||||||||||||||\||und||
=041  \\$a英 語
=100  \\$a"Qualben, Lars P."
=245  \2$aA History of the Christian Church
=260  \\$a"New York, NY"
=260  \\$bThomas Nelson and Sons
=300  \\$a644

