=LDR  00000nam a2200000Ia 4500
=008  150128s9999||||xx\||||||||||||||\||und||
=041  \\$a英 語
=100  \\$a"Yancey, Philip"
=245  \\$aFinding God in Unexpected Places
=260  \\$a"Nashville, TN"
=260  \\$bMoorings
=300  \\$a240

