=LDR  00000nam a2200000Ia 4500
=008  150128s9999||||xx\||||||||||||||\||und||
=041  \\$a英 語
=100  \\$a"Tillich, Paul"
=245  \4$aThe Eternal Now
=260  \\$a"New York, NY"
=260  \\$bCharles Scribner's Sons
=300  \\$a185

