=LDR  00000nam a2200000Ia 4500
=008  150128s9999||||xx\||||||||||||||\||und||
=041  \\$a英 語
=100  \\$a"Lucado, Max"
=245  \\$aGod Came Near
=260  \\$aN/A
=260  \\$bMultnomah Press
=300  \\$a162

