=LDR  00000nam a2200000Ia 4500
=008  150128s9999||||xx\||||||||||||||\||und||
=041  \\$a英 語
=100  \\$a"Stiles, J. Mack"
=245  \\$aSpeaking of Jesus
=260  \\$a"Downers Grove, IL"
=260  \\$bInterVarsity Press
=300  \\$a196

