=LDR  00000nam a2200000Ia 4500
=008  150128s9999||||xx\||||||||||||||\||und||
=041  \\$a英 語
=100  \\$a"Anderson, Neil T."
=245  \\$aLiving Free in Christ
=260  \\$a"Ventura, CA"
=260  \\$bRegal Books
=300  \\$a310

