=LDR  00000nam a2200000Ia 4500
=008  150128s9999||||xx\||||||||||||||\||und||
=041  \\$a英 語
=100  \\$a"Lucado, Max"
=245  \\$aIn the Grips of Grace
=260  \\$a"Dallas, TX"
=260  \\$bWord Publishing
=300  \\$a235

