=LDR  00000nam a2200000Ia 4500
=008  150128s9999||||xx\||||||||||||||\||und||
=041  \\$a英 語
=100  \\$a"Anderson, Donald L."
=245  \\$aBetter Than Blessed
=260  \\$a"Wheaton, IL"
=260  \\$bTyndale House Publishers
=300  \\$a123

