=LDR  00000nam a2200000Ia 4500
=008  150128s9999||||xx\||||||||||||||\||und||
=041  \\$a英 語
=100  \\$a"Frederick, Ted"
=245  \\$aRunning the Race: The Spiritual Benefits of Running
=260  \\$a"Grand Rapids, MI"
=260  \\$bBaker Book House
=300  \\$a116

