=LDR  00000nam a2200000Ia 4500
=008  150128s9999||||xx\||||||||||||||\||und||
=041  \\$a英 語
=100  \\$a"White, John"
=245  \\$aDaring to Draw Near
=260  \\$a"Downers Grove, IL"
=260  \\$bInterVarsity Press
=300  \\$a162

