=LDR  00000nam a2200000Ia 4500
=008  150128s9999||||xx\||||||||||||||\||und||
=041  \\$a英 語
=100  \\$a"Merrill, Dean & Shelley, Marshall"
=245  \\$aFresh Ideas for Discipleship and Nurture
=260  \\$a"Carol Stream, IL"
=260  \\$b"Christianity Today, Inc."
=300  \\$a190

