=LDR  00000nam a2200000Ia 4500
=008  150128s9999||||xx\||||||||||||||\||und||
=041  \\$a英 語
=100  \\$a"Krass, Alfred C."
=245  \\$aFive Lanterns at Sundown: Evangelism in a Chastened Mood
=260  \\$a"Grand Rapids, MI"
=260  \\$bWilliam B. Eerdmans Publishing Co.
=300  \\$a225

