=LDR  00000nam a2200000Ia 4500
=008  150128s9999||||xx\||||||||||||||\||und||
=041  \\$a英 語
=100  \\$a"Dewitz, Ludwig R."
=245  \\$aWhat Makes a Jew?
=260  \\$a"Richmond, VA"
=260  \\$bThe CLC Press
=300  \\$a48

