=LDR  00000nam a2200000Ia 4500
=008  150128s9999||||xx\||||||||||||||\||und||
=041  \\$a英 語
=100  \\$a"Rasnake, Eddie"
=245  \\$a"What Should I Do, Lord?"
=260  \\$a"San Bernardino, CA"
=260  \\$b"Here's Life Publishers, Inc."
=300  \\$a180

