=LDR  00000nam a2200000Ia 4500
=008  150128s9999||||xx\||||||||||||||\||und||
=041  \\$a英 語
=100  \\$aSister Eva of Friedenshort
=245  \4$aThe Working of the Holy Spirit in Daily Life
=260  \\$a"Minneapolis, MN"
=260  \\$bDimension Books
=300  \\$a66

