=LDR  00000nam a2200000Ia 4500
=008  150128s9999||||xx\||||||||||||||\||und||
=041  \\$a英 語
=100  \\$a"Arn, Win, Nyquist, Carroll & Arn, Charles"
=245  \\$aWho Cares About Love?
=260  \\$a"Monrovia, CA"
=260  \\$bChurch Growth Press
=300  \\$a192

