=LDR  00000nam a2200000Ia 4500
=008  150128s9999||||xx\||||||||||||||\||und||
=041  \\$a英 語
=100  \\$a"Thompson, Melvyn"
=245  \\$aCancer and the God of Love
=260  \\$a"London, England"
=260  \\$bSCM Press
=300  \\$a86

