=LDR  00000nam a2200000Ia 4500
=008  150128s9999||||xx\||||||||||||||\||und||
=041  \\$a英 語
=100  \\$aGuideposts
=245  \\$aYou and Your Marriage
=260  \\$a"Carmel, NY"
=260  \\$b"Guideposts Associates, Inc."
=300  \\$a51

