=LDR  00000nam a2200000Ia 4500
=008  150128s9999||||xx\||||||||||||||\||und||
=041  \\$a英 語
=100  \\$a"Bright, Vonette"
=245  \\$aLearn How You Can Help Change the World thru Prayer
=260  \\$a"San Bernardino, CA"
=260  \\$bCampus Crusade for Christ
=300  \\$a142

