=LDR  00000nam a2200000Ia 4500
=008  150128s9999||||xx\||||||||||||||\||und||
=041  \\$a英 語
=100  \\$a"Robison, James"
=245  \\$aNew Growth: What the Holy Spirit Wants to Do for You
=260  \\$a"Wheaton, IL"
=260  \\$b"Tyndale House Publishers, Inc."
=300  \\$a109

