=LDR  00000nam a2200000Ia 4500
=008  150128s9999||||xx\||||||||||||||\||und||
=041  \\$a國 語
=100  \\$a唐 佑 之
=245  \\$a紀 念 與 見 証
=260  \\$a香 港
=260  \\$b卓 越 書 樓
=300  \\$a0

