=LDR  00000nam a2200000Ia 4500
=008  150128s9999||||xx\||||||||||||||\||und||
=041  \\$a國 語
=100  \\$a王 建 宣
=245  \\$a通 樂
=260  \\$a臺 北
=260  \\$b愛 心
=300  \\$a275

