=LDR  00000nam a2200000Ia 4500
=008  150128s9999||||xx\||||||||||||||\||und||
=041  \\$a國 語
=100  \\$a禤 浩 榮
=245  \\$a聖 經 中 的 希 伯 來 人
=260  \\$a美 國
=260  \\$b天 道
=300  \\$a460

