=LDR  00000nam a2200000Ia 4500
=008  150128s9999||||xx\||||||||||||||\||und||
=041  \\$a國 語
=100  \\$a"Milligan, George"
=245  \\$a新 約 聖 經 流 傳 史 略
=260  \\$a加 拿 大
=260  \\$b拾 珍
=300  \\$a300

