=LDR  00000nam a2200000Ia 4500
=008  150128s9999||||xx\||||||||||||||\||und||
=041  \\$a國 語
=100  \\$a"Sailhamer, Johm"
=245  \\$a賽 氏 簡 明 註 釋
=260  \\$a香 港
=260  \\$b天 道
=300  \\$a643

