=LDR  00000nam a2200000Ia 4500
=008  150128s9999||||xx\||||||||||||||\||und||
=041  \\$a國 語
=100  \\$a于 力 工
=245  \\$a夜 盡 天 明
=260  \\$a臺 北
=260  \\$b橄 欖
=300  \\$a347

