=LDR  00000nam a2200000Ia 4500
=008  150128s9999||||xx\||||||||||||||\||und||
=041  \\$a國 語
=100  \\$a"Longman, Tremper"
=245  \\$a心 靈 的 迴 想
=260  \\$a香 港
=260  \\$b天 道
=300  \\$a151

