=LDR  00000nam a2200000Ia 4500
=008  150128s9999||||xx\||||||||||||||\||und||
=041  \\$a國 語
=100  \\$a"Warren, Rick"
=245  \\$a新 人 新 心 奔 標 竿
=260  \\$a賓 州
=260  \\$b飛 鷹
=300  \\$a182

