=LDR  00000nam a2200000Ia 4500
=008  150128s9999||||xx\||||||||||||||\||und||
=041  \\$a國 語
=100  \\$a"Perkins,Bill"
=245  \\$a當 好 男 人 遇 見 性 試 探
=260  \\$a臺 北
=260  \\$b雅 歌
=300  \\$a13

