=LDR  00000nam a2200000Ia 4500
=008  150128s9999||||xx\||||||||||||||\||und||
=041  \\$a國 語
=100  \\$a許 有 才
=245  \\$a我 的 安 慰
=260  \\$a台 南
=260  \\$b人 光
=300  \\$a161

