=LDR  00000nam a2200000Ia 4500
=008  150128s9999||||xx\||||||||||||||\||und||
=041  \\$a英 語
=100  \\$a"Fuller, Cheri"
=245  \\$aHelping Your Child Succeed in Public School
=260  \\$a"Colorado Springs, CO"
=260  \\$bFocus on the Family Publishing
=300  \\$a241

