=LDR  00000nam a2200000Ia 4500
=008  150128s9999||||xx\||||||||||||||\||und||
=041  \\$a英 語
=100  \\$a"Maxwell, John C."
=245  \4$aThe Success Journey: The Process of Living Your Dreams
=260  \\$a"Nashville, TN"
=260  \\$bThomas Nelson Publishers
=300  \\$a226

