=LDR  00000nam a2200000Ia 4500
=008  150128s9999||||xx\||||||||||||||\||und||
=041  \\$a英 語
=100  \\$a"Minirth, F., Hawkins, D., Meier, P., Thurman, C."
=245  \\$aBefore Burnout
=260  \\$a"Chicago, IL"
=260  \\$bMoody Bible Institute
=300  \\$a189

