=LDR  00000nam a2200000Ia 4500
=008  150128s9999||||xx\||||||||||||||\||und||
=041  \\$a英 語
=100  \\$a"Samra, Cal & Rose"
=245  \\$aMore Holy Humor
=260  \\$a"Carmel, NY"
=260  \\$bGuideposts
=300  \\$a195

