=LDR  00000nam a2200000Ia 4500
=008  150128s9999||||xx\||||||||||||||\||und||
=041  \\$a英 語
=100  \\$a"Stott, John R.W."
=245  \4$aThe Baptism & Fullness of the Holy Spirit
=260  \\$a"Downers Grove, IL"
=260  \\$bInter-Varsity Press
=300  \\$a60

