=LDR  00000nam a2200000Ia 4500
=008  150128s9999||||xx\||||||||||||||\||und||
=041  \\$a英 語
=100  \\$a"Douglass, Stephen B."
=245  \\$aManaging Yourself
=260  \\$a"San Bernardino, CA"
=260  \\$bHere's Life Publishers
=300  \\$a222

