=LDR  00000nam a2200000Ia 4500
=008  150128s9999||||xx\||||||||||||||\||und||
=041  \\$a英 語
=100  \\$a"Peale, Norman Vincent"
=245  \4$aThe Inspirational Writings
=260  \\$a"New York, NY"
=260  \\$b"Thomas Nelson Inc., Publishers"
=300  \\$a410

