=LDR  00000nam a2200000Ia 4500
=008  150128s9999||||xx\||||||||||||||\||und||
=041  \\$a英 語
=100  \\$a"Coleman, Lyman & Rydberg, Denny"
=245  \\$aGo For It: On Becoming a Christian
=260  \\$a"Littleton, CO"
=260  \\$bSerendipity Press
=300  \\$a48

