=LDR  00000nam a2200000Ia 4500
=008  150128s9999||||xx\||||||||||||||\||und||
=041  \\$a英 語
=100  \\$a"Ortlund, Raymond C."
=245  \\$a"Lord, Make My Life a Miracle!"
=260  \\$a"Ventura, CA"
=260  \\$bRegal Books
=300  \\$a153

