=LDR  00000nam a2200000Ia 4500
=008  150128s9999||||xx\||||||||||||||\||und||
=041  \\$a英 語
=100  \\$a"Wimber, John"
=245  \\$aPrayer: Intimate Communication
=260  \\$a"Anaheim, CA"
=260  \\$bVineyard Ministries International
=300  \\$a60

