=LDR  00000nam a2200000Ia 4500
=008  150128s9999||||xx\||||||||||||||\||und||
=041  \\$a英 語
=100  \\$a"Jackson, Andrew"
=245  \2$aA Heart for Others
=260  \\$a"Seattle, WA"
=260  \\$bYWAM Publishing
=300  \\$a127

