=LDR  00000nam a2200000Ia 4500
=008  150128s9999||||xx\||||||||||||||\||und||
=041  \\$a英 語
=100  \\$a"Schuller, Robert H."
=245  \\$aYour Church Has Real Possibilities!
=260  \\$a"Glendale, CA"
=260  \\$bRegal Books
=300  \\$a180

