=LDR  00000nam a2200000Ia 4500
=008  150128s9999||||xx\||||||||||||||\||und||
=041  \\$a英 語
=100  \\$a"Emery, Allan C."
=245  \2$aA Turtle on a Fencepost
=260  \\$a"Waco, TX"
=260  \\$bWord Books
=300  \\$a117

