=LDR  00000nam a2200000Ia 4500
=008  150128s9999||||xx\||||||||||||||\||und||
=041  \\$a英 語
=100  \\$a"Davis, Ron Lee"
=245  \\$aGold in the Making: Where is God When Bad Things Happen to You?
=260  \\$a"Nashville, TN"
=260  \\$bThomas Nelson Publishers
=300  \\$a159

