=LDR  00000nam a2200000Ia 4500
=008  150128s9999||||xx\||||||||||||||\||und||
=041  \\$a英 語
=100  \\$a"Dobson, James"
=245  \\$aHow to Raise Children That Love the Lord
=260  \\$a"Elgin, IL"
=260  \\$bDavid C. Cook Publishing
=300  \\$a264

