=LDR  00000nam a2200000Ia 4500
=008  150128s9999||||xx\||||||||||||||\||und||
=041  \\$a英 語
=100  \\$a"Barth, Markus"
=245  \4$aThe Broken Wall: A Study of the Epistle to the Ephesians
=260  \\$a"Valley Forge, PA"
=260  \\$bJudson Press
=300  \\$a272

