=LDR  00000nam a2200000Ia 4500
=008  150128s9999||||xx\||||||||||||||\||und||
=041  \\$a英 語
=100  \\$a"Winton, Alwyn"
=245  \4$aThe New English Bible: New Testament
=260  \\$aUSA
=260  \\$bOxford University Press
=300  \\$a446

