=LDR  00000nam a2200000Ia 4500
=008  150128s9999||||xx\||||||||||||||\||und||
=041  \\$a英 語
=100  \\$a"Hillis, Don W."
=245  \\$aWhat Can Tongues Do for You?
=260  \\$a"Chicago, IL"
=260  \\$bMoody Press
=300  \\$a48

