=LDR  00000nam a2200000Ia 4500
=008  150128s9999||||xx\||||||||||||||\||und||
=041  \\$a英 語
=100  \\$a"MacDonald, William"
=245  \\$aChrist Loved the Church
=260  \\$a"Oak Park, IL"
=260  \\$bMidwest Christian Publishers
=300  \\$a119

