=LDR  00000nam a2200000Ia 4500
=008  150128s9999||||xx\||||||||||||||\||und||
=041  \\$a英 語
=100  \\$a"Sangster, W.E."
=245  \4$aThe Craft of Sermon Illustration
=260  \\$a"Philadelphia, PA"
=260  \\$bWestminster Press
=300  \\$a125

