=LDR  00000nam a2200000Ia 4500
=008  150128s9999||||xx\||||||||||||||\||und||
=041  \\$a英 語
=100  \\$a"Fisher, Wallace E."
=245  \\$aFrom Tradition to Mission
=260  \\$a"New York, NY"
=260  \\$bAbingdon Press
=300  \\$a208

