=LDR  00000nam a2200000Ia 4500
=008  150128s9999||||xx\||||||||||||||\||und||
=041  \\$a英 語
=100  \\$a"Townsend, Jim"
=245  \4$aThe Minor Prophets
=260  \\$a"Elgin, IL"
=260  \\$bDavid C. Cook Publishing Company
=300  \\$a128

