=LDR  00000nam a2200000Ia 4500
=008  150128s9999||||xx\||||||||||||||\||und||
=041  \\$a英 語
=100  \\$aPromise Keepers
=245  \2$aA Man of His Word New Testament
=260  \\$a"Colorado Springs, CO"
=260  \\$bInternational Bible Society
=300  \\$a298

