=LDR  00000nam a2200000Ia 4500
=008  150128s9999||||xx\||||||||||||||\||und||
=041  \\$a英 語
=100  \\$aWord Publishing
=245  \4$aThe Answer: Holy Bible (New Century Version)
=260  \\$a"Dallas, TX"
=260  \\$bWord Publishing
=300  \\$a1262

