=LDR  00000nam a2200000Ia 4500
=008  150128s9999||||xx\||||||||||||||\||und||
=041  \\$a英 語
=100  \\$a"Pfeiffer, Charles F."
=245  \\$aBaker's Bible Atlas
=260  \\$a"Grand Rapids, MI"
=260  \\$bBaker Book House
=300  \\$a347

