=LDR  00000nam a2200000Ia 4500
=008  150128s9999||||xx\||||||||||||||\||und||
=041  \\$a英 語
=100  \\$a"Toler, Stan"
=245  \\$a101 Ways to Grow a Healthy Sunday School
=260  \\$a"Kansas City, MO"
=260  \\$bBeacon Hill Press of Kansas City
=300  \\$a101

