=LDR  00000nam a2200000Ia 4500
=008  150128s9999||||xx\||||||||||||||\||und||
=041  \\$a英 語
=100  \\$a"Newman, Barclay M. Jr."
=245  \2$aA Concise Greek-English Dictionary of the New Testament
=260  \\$a"London, England"
=260  \\$bUnited Bible Societies
=300  \\$a203

