=LDR  00000nam a2200000Ia 4500
=008  150128s9999||||xx\||||||||||||||\||und||
=041  \\$a英 語
=100  \\$a"Luccock, Halford E."
=245  \\$aPreaching Values in New Translations of the New Testament
=260  \\$a"New York, NY"
=260  \\$bAbingdon Press
=300  \\$a312

