=LDR  00000nam a2200000Ia 4500
=008  150128s9999||||xx\||||||||||||||\||und||
=041  \\$a英 語
=100  \\$a"Syswerda, Jean"
=245  \\$aDaylight Devotional Bible (NIV)
=260  \\$a"Grand Rapids, MI"
=260  \\$bZondervan Corporation
=300  \\$a1407

