=LDR  00000nam a2200000Ia 4500
=008  150128s9999||||xx\||||||||||||||\||und||
=041  \\$a英 語
=100  \\$aThomas Nelson Publishers
=245  \4$aThe Holy Bible (NRSV)
=260  \\$a"Nashville, TN"
=260  \\$b"Thomas Nelson, Inc."
=300  \\$a0

