=LDR  00000nam a2200000Ia 4500
=008  150128s9999||||xx\||||||||||||||\||und||
=041  \\$a英 語
=100  \\$a"Wright, Norman"
=245  \3$aAn Asnwer to Parent-Teen Relationships
=260  \\$a"Eugene, OR"
=260  \\$bHarvest House Publishers
=300  \\$a61

