=LDR  00000nam a2200000Ia 4500
=008  150128s9999||||xx\||||||||||||||\||und||
=041  \\$a英 語
=100  \\$a"Milne, Bruce"
=245  \4$aThe Message of John
=260  \\$a"Downers Grove, IL"
=260  \\$bInter-Varsity Press
=300  \\$a352

