=LDR  00000nam a2200000Ia 4500
=008  150128s9999||||xx\||||||||||||||\||und||
=041  \\$a英 語
=100  \\$a"Root, Orrin"
=245  \\$aTraining for Service: A Survey of the Bible/Student
=260  \\$aCincinnati
=260  \\$bStandard Publishing
=300  \\$a96

