=LDR  00000nam a2200000Ia 4500
=008  150128s9999||||xx\||||||||||||||\||und||
=041  \\$a英 語
=100  \\$a"McGinnis, Alan Loy"
=245  \4$aThe Friendship Factor
=260  \\$a"Minneapolis, MN"
=260  \\$bAugsburg Publishing House
=300  \\$a192

