=LDR  00000nam a2200000Ia 4500
=008  150128s9999||||xx\||||||||||||||\||und||
=041  \\$a英 語
=100  \\$a"Froehlich, Karlfried"
=245  \\$aBiblical Interpretation in the Early Church
=260  \\$a"Philadelphia, PA"
=260  \\$bFortress Press
=300  \\$a134

