=LDR  00000nam a2200000Ia 4500
=008  150128s9999||||xx\||||||||||||||\||und||
=041  \\$a英 語
=100  \\$a"Simpson, A.B."
=245  \4$aThe Lord for the Body
=260  \\$a"Harrisburg, PA"
=260  \\$bChristian Publications Inc.
=300  \\$a142

