=LDR  00000nam a2200000Ia 4500
=008  150128s9999||||xx\||||||||||||||\||und||
=041  \\$a英 語
=100  \\$a"Huddilston, John HOmer"
=245  \\$aEssentials of New Testament Greek
=260  \\$a"New York, NY"
=260  \\$bThe Macmillan Company
=300  \\$a233

