=LDR  00000nam a2200000Ia 4500
=008  150128s9999||||xx\||||||||||||||\||und||
=041  \\$a英 語
=100  \\$a"Conner, Clint"
=245  \\$aNot Without Cure
=260  \\$a"Pittsburgh, PA"
=260  \\$bWhitaker House
=300  \\$a206

