=LDR  00000nam a2200000Ia 4500
=008  150128s9999||||xx\||||||||||||||\||und||
=041  \\$a英 語
=100  \\$a"Holmes, Marjorie"
=245  \\$aGod and Vitamins
=260  \\$a"New York, NY"
=260  \\$bAvon Books
=300  \\$a349

