=LDR  00000nam a2200000Ia 4500
=008  150128s9999||||xx\||||||||||||||\||und||
=041  \\$a英 語
=100  \\$a"Tapia, Andres"
=245  \\$aCampus Evangelism Handbook
=260  \\$a"Downers Grove, IL"
=260  \\$bInterVarsity Press
=300  \\$a151

