=LDR  00000nam a2200000Ia 4500
=008  150128s9999||||xx\||||||||||||||\||und||
=041  \\$a英 語
=100  \\$a"Backus, William & Chapian, Marie"
=245  \\$aTelling Yourself the Truth
=260  \\$a"Minneapolis, MN"
=260  \\$bBethany House Publishers
=300  \\$a182

