=LDR  00000nam a2200000Ia 4500
=008  150128s9999||||xx\||||||||||||||\||und||
=041  \\$a英 語
=100  \\$aAmerican Bible Society
=245  \\$aGood News New Testament
=260  \\$a"New York, NY"
=260  \\$bAmerican Bible Society
=300  \\$a686

