=LDR  00000nam a2200000Ia 4500
=008  150128s9999||||xx\||||||||||||||\||und||
=041  \\$a英 語
=100  \\$a"MacDonald, Gordon"
=245  \\$aOrdering Your Private World
=260  \\$a"Nashville, TN"
=260  \\$bThomas Nelson Publishers
=300  \\$a228

