=LDR  00000nam a2200000Ia 4500
=008  150128s9999||||xx\||||||||||||||\||und||
=041  \\$a英 語
=100  \\$a"Chambers, Oswald"
=245  \\$aOur Portrait in Genesis
=260  \\$a"Fort Washington, PA"
=260  \\$bChristian Literature Crusade
=300  \\$a72

