=LDR  00000nam a2200000Ia 4500
=008  150128s9999||||xx\||||||||||||||\||und||
=041  \\$a英 語
=100  \\$a"Alexander, John W."
=245  \\$aConfessing Christ as Lord: The Urbana 81 Compendium
=260  \\$a"Downers Grove, IL"
=260  \\$bInterVarsity Press
=300  \\$a269

