=LDR  00000nam a2200000Ia 4500
=008  150128s9999||||xx\||||||||||||||\||und||
=041  \\$a英 語
=100  \\$a"Mudge, Lewis S., Jr."
=245  \\$aWhy is the Church in the World?
=260  \\$aUnknown
=260  \\$bBoard of Christian Education
=300  \\$a95

