=LDR  00000nam a2200000Ia 4500
=008  150128s9999||||xx\||||||||||||||\||und||
=041  \\$a國 語
=100  \\$a葛 福 偉
=245  \\$a與 父 母 相 處 之 道 （ 二 )
=260  \\$a台 北
=260  \\$b靈 糧 堂
=300  \\$a0

