=LDR  00000nam a2200000Ia 4500
=008  150128s9999||||xx\||||||||||||||\||und||
=041  \\$a國 語
=100  \\$a黃 清 一
=245  \\$a食 指 教 育 與 姆 指 教 育
=260  \\$a臺 北
=260  \\$b靈 糧 堂
=300  \\$a0

