=LDR  00000nam a2200000Ia 4500
=008  150128s9999||||xx\||||||||||||||\||und||
=041  \\$a國 語
=100  \\$a林 玫  伶
=245  \\$a窗 外 有 藍 天
=260  \\$a臺 北
=260  \\$b靈 糧 堂
=300  \\$a0

