=LDR  00000nam a2200000Ia 4500
=008  150128s9999||||xx\||||||||||||||\||und||
=041  \\$a國 語
=100  \\$a顧 偉 倫
=245  \\$a從 廟 堂 到 教 堂
=260  \\$a臺 北
=260  \\$b靈 糧 堂
=300  \\$a0

