=LDR  00000nam a2200000Ia 4500
=008  150128s9999||||xx\||||||||||||||\||und||
=041  \\$a國 語
=100  \\$a張 南 驛
=245  \\$a從 基 因 看 生 命 的 奧 妙
=260  \\$a臺 北
=260  \\$b靈 糧 堂
=300  \\$a0

