=LDR  00000nam a2200000Ia 4500
=008  150128s9999||||xx\||||||||||||||\||und||
=041  \\$a國 語
=100  \\$a張 建 文
=245  \\$a反 敗 為 勝? 〔 一 〕
=260  \\$a紐 約
=260  \\$b華 福
=300  \\$a0

