=LDR  00000nam a2200000Ia 4500
=008  150128s9999||||xx\||||||||||||||\||und||
=041  \\$a國 語
=100  \\$a莊 祖 鯤
=245  \\$a苦 難 的 平 安
=260  \\$a紐 約
=260  \\$b華 福
=300  \\$a0

