=LDR  00000nam a2200000Ia 4500
=008  150128s9999||||xx\||||||||||||||\||und||
=041  \\$a國 語
=100  \\$a劉 東  崑， 楊 一 哲
=245  \\$a生 命 活 泉
=260  \\$a紐 約
=260  \\$b華 福
=300  \\$a0

