=LDR  00000nam a2200000Ia 4500
=008  150128s9999||||xx\||||||||||||||\||und||
=041  \\$a國 語
=100  \\$a李 台 鷹
=245  \\$a創 傷 與 醫 治
=260  \\$a紐 約
=260  \\$b華 福
=300  \\$a0

