=LDR  00000nam a2200000Ia 4500
=008  150128s9999||||xx\||||||||||||||\||und||
=041  \\$a國 語
=100  \\$a吳 光 勇
=245  \\$a好 消 息
=260  \\$a紐 約
=260  \\$b華 福
=300  \\$a0

