=LDR  00000nam a2200000Ia 4500
=008  150128s9999||||xx\||||||||||||||\||und||
=041  \\$a國 語
=100  \\$a華 福
=245  \\$a恭 喜 您
=260  \\$a紐 約
=260  \\$b華 福
=300  \\$a0

