=LDR  00000nam a2200000Ia 4500
=008  150128s9999||||xx\||||||||||||||\||und||
=041  \\$a國 語
=100  \\$a"Smith,Blaine"
=245  \\$a明 白 神 的 旨 意
=260  \\$a臺 北
=260  \\$b校 園
=300  \\$a347

