=LDR  00000nam a2200000Ia 4500
=008  150128s9999||||xx\||||||||||||||\||und||
=041  \\$a國 語
=100  \\$a陳 金 婉
=245  \\$a猶 太 人 的 父 母
=260  \\$a臺 北
=260  \\$b文 笙
=300  \\$a193

