=LDR  00000nam a2200000Ia 4500
=008  150128s9999||||xx\||||||||||||||\||und||
=041  \\$a國 語
=100  \\$a蔡 元 雲
=245  \\$a基 督 徒 婚 姻 與 家 庭 (3)
=260  \\$a台 灣
=260  \\$b台 灣 宣 道 神 學 院
=300  \\$a50min.

