=LDR  00000nam a2200000Ia 4500
=008  150128s9999||||xx\||||||||||||||\||und||
=041  \\$a國 語
=100  \\$a張 漢 林 等
=245  \\$a走 出 自 己 的 天 空
=260  \\$a台 灣
=260  \\$b校 園
=300  \\$a50Min.

