=LDR  00000nam a2200000Ia 4500
=008  150128s9999||||xx\||||||||||||||\||und||
=041  \\$a國 語
=100  \\$a天 韻 詩 班
=245  \\$a心 靈 的 聖 誕
=260  \\$a台 灣
=260  \\$b救 世 傳 播 協 會
=300  \\$a50Min.

