=LDR  00000nam a2200000Ia 4500
=008  150128s9999||||xx\||||||||||||||\||und||
=041  \\$a台 語
=245  \\$a敬 拜 與 讚 美
=260  \\$a台 灣
=260  \\$b以 琳
=300  \\$a50Min.

