=LDR  00000nam a2200000Ia 4500
=008  150128s9999||||xx\||||||||||||||\||und||
=041  \\$a國 語
=100  \\$a上 海 基 督 教 聖 歌 團
=245  \\$a受 膏 者
=260  \\$a台 灣
=260  \\$b宇 宙 光
=300  \\$a50Min.

