=LDR  00000nam a2200000Ia 4500
=008  150128s9999||||xx\||||||||||||||\||und||
=041  \\$a國 語
=245  \\$aOldies But Goodies
=260  \\$a韓 國
=260  \\$b韓 國
=300  \\$a50Min.

