=LDR  00000nam a2200000Ia 4500
=008  150128s9999||||xx\||||||||||||||\||und||
=041  \\$a台 語
=245  \\$a耶 穌 在 中 國
=260  \\$a台 灣
=260  \\$b大 門
=300  \\$aMin.

