=LDR  00000nam a2200000Ia 4500
=008  150128s9999||||xx\||||||||||||||\||und||
=041  \\$a國 語
=100  \\$a周 淑 慧
=245  \\$a溝 通(7)
=260  \\$a美 國
=260  \\$b柑 縣 台 福 教 會
=300  \\$a50Min.

