=LDR  00000nam a2200000Ia 4500
=008  150128s9999||||xx\||||||||||||||\||und||
=041  \\$a國 語
=100  \\$a開 路 者 聖 樂 團
=245  \\$a機 遇
=260  \\$a加 州
=260  \\$b開 路 者 聖 樂 團
=300  \\$a0

