=LDR  00000nam a2200000Ia 4500
=008  150128s9999||||xx\||||||||||||||\||und||
=041  \\$a國 語
=100  \\$a林 國 亮
=245  \\$a認 識 自 己
=260  \\$a美 國
=260  \\$bGospel Tape Ministry
=300  \\$a50Min.

