=LDR  00000nam a2200000Ia 4500
=008  150128s9999||||xx\||||||||||||||\||und||
=041  \\$a英 語
=245  \\$aIf I Were A King
=260  \\$aMinchgan
=260  \\$bZondervan
=300  \\$a40Min.

