=LDR  00000nam a2200000Ia 4500
=008  150128s9999||||xx\||||||||||||||\||und||
=041  \\$a國 語
=245  \\$aAction Bible Songs
=260  \\$a"Nashville, Tn"
=260  \\$bMCMXCIII  Cedermont Music
=300  \\$a60Min.

