=LDR  00000nam a2200000Ia 4500
=008  150128s9999||||xx\||||||||||||||\||und||
=041  \\$a英 語
=100  \\$a"Lindsey, David L."
=245  \\$aMercy
=260  \\$a"New York, NY"
=260  \\$bDoubleday
=300  \\$a512

