=LDR  00000nam a2200000Ia 4500
=008  150128s9999||||xx\||||||||||||||\||und||
=041  \\$a英 語
=100  \\$a"Root, Jerry & Claudia"
=245  \\$aFriendship Evangelism
=260  \\$a"Wheaton, IL"
=260  \\$bHarold Shaw Publishers
=300  \\$a48

