=LDR  00000nam a2200000Ia 4500
=008  150128s9999||||xx\||||||||||||||\||und||
=041  \\$a英 語
=100  \\$a"Peterson, Lorraine"
=245  \\$aDying of Embarrassment & Living to Tell About It
=260  \\$a"Minneapolis, MN"
=260  \\$bBethany House Publishers
=300  \\$a208

