=LDR  00000nam a2200000Ia 4500
=008  150128s9999||||xx\||||||||||||||\||und||
=041  \\$a英 語
=100  \\$a"Carothers, Merlin"
=245  \\$aLet Me Entertain You
=260  \\$a"Escondido, CA"
=260  \\$bMerlin R. Carothers
=300  \\$a130

