=LDR  00000nam a2200000Ia 4500
=008  150128s9999||||xx\||||||||||||||\||und||
=041  \\$a英 語
=100  \\$a"Dexter, Harriet Harmon"
=245  \\$aFinancing Faith
=260  \\$a"St. Louis, MO"
=260  \\$bThe Bethany Press
=300  \\$a127

