=LDR  00000nam a2200000Ia 4500
=008  150128s9999||||xx\||||||||||||||\||und||
=041  \\$a英 語
=100  \\$a"Nee, Watchman"
=245  \4$aThe Release of the Spirit
=260  \\$a"Cloverdale, IN"
=260  \\$bMinistry of Life
=300  \\$a94

