=LDR  00000nam a2200000Ia 4500
=008  150128s9999||||xx\||||||||||||||\||und||
=041  \\$a英 語
=100  \\$a"Nixon, Leroy"
=245  \\$aWhat Does the Bible Say?
=260  \\$a"New York, NY"
=260  \\$bCarlton Press
=300  \\$a61

