=LDR  00000nam a2200000Ia 4500
=008  150128s9999||||xx\||||||||||||||\||und||
=041  \\$a英 語
=100  \\$a"Jones, Rufus M."
=245  \\$a"The Church, the Gospel and War"
=260  \\$a"New York, NY"
=260  \\$bHarper & Brothers
=300  \\$a169

