=LDR  00000nam a2200000Ia 4500
=008  150128s9999||||xx\||||||||||||||\||und||
=041  \\$a英 語
=100  \\$a"Slemming, C.W."
=245  \\$aHe Leadeth Me
=260  \\$a"Fort Washington, PA"
=260  \\$bChristian Literature Crusade
=300  \\$a70

