=LDR  00000nam a2200000Ia 4500
=008  150128s9999||||xx\||||||||||||||\||und||
=041  \\$a英 語
=100  \\$aOxford University Press
=245  \4$aThe New English Bible (with the Apocrypha)
=260  \\$a"London, England"
=260  \\$bOxford University Press
=300  \\$a0

