=LDR  00000nam a2200000Ia 4500
=008  150128s9999||||xx\||||||||||||||\||und||
=041  \\$a國 語
=100  \\$a張 文 亮
=245  \\$a星 空 下 飛 翔 的 教 授
=260  \\$a臺 北
=260  \\$b時 報 文 化
=300  \\$a179

