=LDR  00000nam a2200000Ia 4500
=008  150128s9999||||xx\||||||||||||||\||und||
=041  \\$a英 語
=100  \\$a"George, Bob"
=245  \\$aClassic Christianity
=260  \\$a"Eugene, OR"
=260  \\$b"Harvest House Publishers, Inc."
=300  \\$a204

