=LDR  00000nam a2200000Ia 4500
=008  150128s9999||||xx\||||||||||||||\||und||
=041  \\$a英 語
=100  \\$a"Thompson, T.K."
=245  \\$aHandbood of Stewardship Procedures
=260  \\$a"Englewood Cliffs, NJ"
=260  \\$b"Prentice Hall, Inc."
=300  \\$a114

