=LDR  00000nam a2200000Ia 4500
=008  150128s9999||||xx\||||||||||||||\||und||
=041  \\$a英 語
=100  \\$a"Schimmels, Cliff"
=245  \\$aOh No!Maybe My Child Is Normal
=260  \\$a"Wheaton, IL"
=260  \\$bHarold Shaw Publishers
=300  \\$a143

