=LDR  00000nam a2200000Ia 4500
=008  150128s9999||||xx\||||||||||||||\||und||
=041  \\$a英 語
=100  \\$a"Kelley, Dean M."
=245  \\$aWhy Conservative Churches Are Growing
=260  \\$a"San Francisco, CA"
=260  \\$b"Harper & Row, Publishers"
=300  \\$a184

