=LDR  00000nam a2200000Ia 4500
=008  150128s9999||||xx\||||||||||||||\||und||
=041  \\$a英 語
=100  \\$a"Williams, John"
=245  \\$aWorship and the Modern Child
=260  \\$a"London, England"
=260  \\$bS. P. C. K.
=300  \\$a214

