=LDR  00000nam a2200000Ia 4500
=008  150128s9999||||xx\||||||||||||||\||und||
=041  \\$a國 語
=100  \\$a"Epp, Theodore H."
=245  \4$aThe God of Creation
=260  \\$a"Lincoln, NE"
=260  \\$bBack to the Bible
=300  \\$a412

