=LDR  00000nam a2200000Ia 4500
=008  150128s9999||||xx\||||||||||||||\||und||
=041  \\$a英 語
=100  \\$a"Wuest, Kenneth S."
=245  \\$aGalations in the Greek New Testament
=260  \\$a"Grand Rapids, MI"
=260  \\$bWm. B. Eerdmans Publishing Co.
=300  \\$a192

