=LDR  00000nam a2200000Ia 4500
=008  150128s9999||||xx\||||||||||||||\||und||
=041  \\$a英 語
=100  \\$a"Burkhar, John E."
=245  \\$aUnderstanding the Word of God
=260  \\$a"Philadelphia, PA"
=260  \\$b"Board of Christian Education, PCA"
=300  \\$a86

