=LDR  00000nam a2200000Ia 4500
=008  150128s9999||||xx\||||||||||||||\||und||
=041  \\$a英 語
=100  \\$a"McGavran, Donald & Arn, Win"
=245  \\$aHow to Grow a Church
=260  \\$a"Glendale, CA"
=260  \\$bRegal Books
=300  \\$a177

