=LDR  00000nam a2200000Ia 4500
=008  150128s9999||||xx\||||||||||||||\||und||
=041  \\$a英 語
=100  \\$a"Osborn, T.L."
=245  \\$aOutside the Sanctuary
=260  \\$a"Tulsa, OK"
=260  \\$bOsborn Foundation
=300  \\$a61

