=LDR  00000nam a2200000Ia 4500
=008  150128s9999||||xx\||||||||||||||\||und||
=041  \\$a英 語
=100  \\$a"Martin, Alfred"
=245  \\$aSurvey of the Old Testament I
=260  \\$a"Chicago, IL"
=260  \\$bMoody Correspondence School
=300  \\$a160

