=LDR  00000nam a2200000Ia 4500
=008  150128s9999||||xx\||||||||||||||\||und||
=041  \\$a英 語
=100  \\$a"Gazowsky, Richard"
=245  \\$aJust Add Water ... Radical Church Growth
=260  \\$aHong Kong
=260  \\$b"Voice of Pentecost, Inc."
=300  \\$a216

