=LDR  00000nam a2200000Ia 4500
=008  150128s9999||||xx\||||||||||||||\||und||
=041  \\$a英 語
=100  \\$a"Fittro, Pat"
=245  \\$aChristmas Programs for the Church (No. 20)
=260  \\$a"Cincinnati, OH"
=260  \\$bThe Standard Publishing Company
=300  \\$a64

