=LDR  00000nam a2200000Ia 4500
=008  150128s9999||||xx\||||||||||||||\||und||
=041  \\$a英 語
=100  \\$a"Eisele, Carol"
=245  \\$aChrist in You: A Study of the Book of Colossians
=260  \\$a"Edmonds, WA"
=260  \\$bAglow Publications
=300  \\$a64

