=LDR  00000nam a2200000Ia 4500
=008  150128s9999||||xx\||||||||||||||\||und||
=041  \\$a英 語
=100  \\$a"Panko, Stephen M."
=245  \\$aMartin Buber
=260  \\$a"Waco, TX"
=260  \\$bWord Books Publishing
=300  \\$a135

