=LDR  00000nam a2200000Ia 4500
=008  150128s9999||||xx\||||||||||||||\||und||
=041  \\$a英 語
=100  \\$a"Little, Paul E."
=245  \\$aHow to Give Away Your Faith
=260  \\$a"Downers Grove, IL"
=260  \\$bInterVarsity Press
=300  \\$a131

