=LDR  00000nam a2200000Ia 4500
=008  150128s9999||||xx\||||||||||||||\||und||
=041  \\$a英 語
=100  \\$a"Smart, W.A."
=245  \4$aThe Spiritual Gospel
=260  \\$a"New York, NY"
=260  \\$bAbingdon-Cokesbury Press
=300  \\$a134

