=LDR  00000nam a2200000Ia 4500
=008  150128s9999||||xx\||||||||||||||\||und||
=041  \\$a英 語
=100  \\$a"Benfield, William A., Jr."
=245  \\$aYouth Entering Covenant - For Parents
=260  \\$a"Richmond, VA"
=260  \\$bThe Covenant Life Curriculum Press
=300  \\$a48

