=LDR  00000nam a2200000Ia 4500
=008  150128s9999||||xx\||||||||||||||\||und||
=041  \\$a英 語
=100  \\$a"Stuenkel, Walter W."
=245  \4$aThe Books of the Old Testament
=260  \\$a"St. Louis, MO"
=260  \\$bConcordia Publishing House
=300  \\$a133

