=LDR  00000nam a2200000Ia 4500
=008  150128s9999||||xx\||||||||||||||\||und||
=041  \\$a英 語
=100  \\$a"Thomas, Winburn T."
=245  \\$aStewardship in Mission
=260  \\$a"Englewood Cliffs, NJ"
=260  \\$b"Prentice-Hall, Inc."
=300  \\$a114

