=LDR  00000nam a2200000Ia 4500
=008  150128s9999||||xx\||||||||||||||\||und||
=041  \\$a英 語
=100  \\$a"Ezzo, Gary & Anne Marie"
=245  \\$aReaching the Heart of Your Teen
=260  \\$a"Sisters, OR"
=260  \\$bMultnomah Books
=300  \\$a208

