=LDR  00000nam a2200000Ia 4500
=008  150128s9999||||xx\||||||||||||||\||und||
=041  \\$a英 語
=100  \\$a"Lewis, David C."
=245  \\$a"Healing: Fiction, Fantasy or Fact?"
=260  \\$a"London, U.K."
=260  \\$bHodder & Stoughton
=300  \\$a384

