=LDR  00000nam a2200000Ia 4500
=008  150128s9999||||xx\||||||||||||||\||und||
=041  \\$a英 語
=100  \\$aFoundation for Inner Peace
=245  \2$aA Course in Miracles
=260  \\$a"Glen Ellen, CA"
=260  \\$bFoundation for Inner Peace
=300  \\$an/a

