=LDR  00000nam a2200000Ia 4500
=008  150128s9999||||xx\||||||||||||||\||und||
=041  \\$a英 語
=100  \\$aUnited Presbyterian Church in U.S.A.
=245  \4$aThe Way of Discipleship
=260  \\$aU.S.A.
=260  \\$b"Board of Christian Ed, United Presbyterian Church"
=300  \\$a91

