=LDR  00000nam a2200000Ia 4500
=008  150128s9999||||xx\||||||||||||||\||und||
=041  \\$a英 語
=100  \\$a"Wagner, C. Peter"
=245  \\$aYour Church Can Be Healthy
=260  \\$a"Nashville, TN"
=260  \\$bParthenon Press
=300  \\$a128

