=LDR  00000nam a2200000Ia 4500
=008  150128s9999||||xx\||||||||||||||\||und||
=041  \\$a英 語
=100  \\$a"Beyerhaus, Peter"
=245  \\$aShaken Foundations
=260  \\$a"Grand Rapids, MI"
=260  \\$bZondervan Publishing House
=300  \\$a105

