=LDR  00000nam a2200000Ia 4500
=008  150128s9999||||xx\||||||||||||||\||und||
=041  \\$a英 語
=100  \\$a"Shanks, Hershel"
=245  \\$aUnderstanding the Dead Sea Scrolls
=260  \\$aNew York
=260  \\$bRandom House
=300  \\$a336

