=LDR  00000nam a2200000Ia 4500
=008  150128s9999||||xx\||||||||||||||\||und||
=041  \\$a英 語
=100  \\$a"Campolo, Anthony"
=245  \\$aGrowing up in America
=260  \\$a"Grand Rapids, MI"
=260  \\$bZondervan Publishing House
=300  \\$a217

