=LDR  00000nam a2200000Ia 4500
=008  150128s9999||||xx\||||||||||||||\||und||
=041  \\$a英 語
=100  \\$a"Wilson, Douglas"
=245  \\$aPersuasions: A Dream of Reason Meeting Unbelief
=260  \\$a"Moscow, ID"
=260  \\$bCanon Press
=300  \\$a95

