=LDR  00000nam a2200000Ia 4500
=008  150128s9999||||xx\||||||||||||||\||und||
=041  \\$a英 語
=100  \\$a"Greig, Gary S. & Springer, Kevin N."
=245  \4$aThe Kingdom and the Power
=260  \\$a"Ventura, CA"
=260  \\$bRegal Books
=300  \\$a463

