=LDR  00000nam a2200000Ia 4500
=008  150128s9999||||xx\||||||||||||||\||und||
=041  \\$a國 語
=100  \\$a"Buford, Bob"
=245  \\$a下 半 場 贏 家
=260  \\$a臺 北
=260  \\$b基 文 社
=300  \\$a191

