=LDR  00000nam a2200000Ia 4500
=008  150128s9999||||xx\||||||||||||||\||und||
=041  \\$a國 語
=100  \\$aGreg Laurie
=245  \\$a顛 覆 世 界 的 教 會
=260  \\$a臺 北
=260  \\$b基 文 社
=300  \\$a254

