=LDR  00000nam a2200000Ia 4500
=008  150128s9999||||xx\||||||||||||||\||und||
=041  \\$a國 語
=100  \\$a周 學 信
=245  \\$a無 以 名 之 的 雲
=260  \\$a臺 北
=260  \\$b長 頸 鹿
=300  \\$a293

