=LDR  00000nam a2200000Ia 4500
=008  150128s9999||||xx\||||||||||||||\||und||
=041  \\$a國 語
=100  \\$aCymbala Jim
=245  \\$a風 火 大 能
=260  \\$a台 北
=260  \\$b基 文 社
=300  \\$a242

