=LDR  00000nam a2200000Ia 4500
=008  150128s9999||||xx\||||||||||||||\||und||
=041  \\$a國 語
=100  \\$a江 森
=245  \\$a聖 經 綜 覽 圖 ， 表
=260  \\$a香 港
=260  \\$b天 智
=300  \\$a16

