=LDR  00000nam a2200000Ia 4500
=008  150128s9999||||xx\||||||||||||||\||und||
=041  \\$a國 語
=100  \\$a"Hattawway, Paul"
=245  \\$aOperation China
=260  \\$aU.K.
=260  \\$bPiqauant
=300  \\$a705

