=LDR  00000nam a2200000Ia 4500
=008  150128s9999||||xx\||||||||||||||\||und||
=041  \\$a國 語
=100  \\$a"Cymbala, Jim"
=245  \\$a雷 霆 風 火 覺 神 恩
=260  \\$a加 州
=260  \\$b飛 鷹
=300  \\$a96

