=LDR  00000nam a2200000Ia 4500
=008  150128s9999||||xx\||||||||||||||\||und||
=041  \\$a國 語
=100  \\$a張 秀 梅
=245  \\$a耶 穌 知 我 心
=260  \\$a新 加 坡
=260  \\$b盤 石
=300  \\$a0

