=LDR  00000nam a2200000Ia 4500
=008  150128s9999||||xx\||||||||||||||\||und||
=041  \\$a國 語
=100  \\$a宇 宙 光 大 合 唱
=245  \\$a歌 以 載 道
=260  \\$a臺 北
=260  \\$b宇 宙 光
=300  \\$a0

