=LDR  00000nam a2200000Ia 4500
=008  150128s9999||||xx\||||||||||||||\||und||
=041  \\$a國 語
=100  \\$a林 智 雄
=245  \\$a生 命 在 於 你
=260  \\$a臺 北
=260  \\$b以 琳
=300  \\$a0

