=LDR  00000nam a2200000Ia 4500
=008  150128s9999||||xx\||||||||||||||\||und||
=041  \\$a國 語
=100  \\$a文 亮
=245  \\$a我 真 愛 進 入 你 同 在
=260  \\$a臺 北
=260  \\$b以 琳
=300  \\$a0

