=LDR  00000nam a2200000Ia 4500
=008  150128s9999||||xx\||||||||||||||\||und||
=041  \\$a英 語
=245  \\$aName Above All
=260  \\$a美 國
=260  \\$bVineyard Music Group.
=300  \\$a0

