=LDR  00000nam a2200000Ia 4500
=008  150128s9999||||xx\||||||||||||||\||und||
=041  \\$a英 語
=100  \\$a"Grider, Edgar M."
=245  \\$aCan I Make It One More Year?
=260  \\$a"Atlanta, GA"
=260  \\$bJohn Knox Press
=300  \\$a144

