=LDR  00000nam a2200000Ia 4500
=008  150128s9999||||xx\||||||||||||||\||und||
=041  \\$a英 語
=100  \\$a"Weising, Gwen"
=245  \\$aEve: God's Word for Women Today
=260  \\$a"Grand Rapids, MI"
=260  \\$bMeridian Publications
=300  \\$a121

