=LDR  00000nam a2200000Ia 4500
=008  150128s9999||||xx\||||||||||||||\||und||
=041  \\$a英 語
=100  \\$a"Willimon, William H."
=245  \\$a"Word, Water, Wine and Bread"
=260  \\$a"Valley Forge, PA"
=260  \\$bJudson Press
=300  \\$a128

