=LDR  00000nam a2200000Ia 4500
=008  150128s9999||||xx\||||||||||||||\||und||
=041  \\$a英 語
=100  \\$a"Hogg, Richey W."
=245  \\$a"One World, One Mission"
=260  \\$aNew York
=260  \\$bFriendship Press
=300  \\$a164

