=LDR  00000nam a2200000Ia 4500
=008  150128s9999||||xx\||||||||||||||\||und||
=041  \\$a英 語
=100  \\$a"Howe, Reuel L."
=245  \\$aPartners in Preaching
=260  \\$aNew York
=260  \\$bSeabury Press
=300  \\$a127

