=LDR  00000nam a2200000Ia 4500
=008  150128s9999||||xx\||||||||||||||\||und||
=041  \\$a英 語
=100  \\$a"Townsend, Jim"
=245  \\$aNew Testament Highlights:From Matthew to Revelation
=260  \\$a"Elgin, IL"
=260  \\$bDavid C. Cook Publishing Co.
=300  \\$a142

