=LDR  00000nam a2200000Ia 4500
=008  150128s9999||||xx\||||||||||||||\||und||
=041  \\$a英 語
=100  \\$aReformed Church Press
=245  \\$aYou Are Called to Be a Disciple
=260  \\$a"Lansing, IL"
=260  \\$bReformed Church Press
=300  \\$a42

