=LDR  00000nam a2200000Ia 4500
=008  150128s9999||||xx\||||||||||||||\||und||
=041  \\$a英 語
=100  \\$aZondervan Bible Publishers
=245  \4$aThe Holy Bible (NIV)
=260  \\$a"Grand Rapids, MI"
=260  \\$bZondervan Bible Publishers
=300  \\$a923

