=LDR  00000nam a2200000Ia 4500
=008  150128s9999||||xx\||||||||||||||\||und||
=041  \\$a英 語
=100  \\$aAmerican Bible Society
=245  \4$aThe Holy Bible - Contemporary English Version
=260  \\$aNew York
=260  \\$bAmerican Bible Society
=300  \\$a1354

