=LDR  00000nam a2200000Ia 4500
=008  150128s9999||||xx\||||||||||||||\||und||
=041  \\$a英 語
=100  \\$a"Morris, Henry M."
=245  \\$aMany Infallible Proofs
=260  \\$a"El Cajon, CA"
=260  \\$bMaster Books
=300  \\$a381

