=LDR  00000nam a2200000Ia 4500
=008  150128s9999||||xx\||||||||||||||\||und||
=041  \\$a英 語
=100  \\$aPresbyterian Church in the U.S.
=245  \4$aThe Book of Church Order of the Presbyterian Church in the U.S.
=260  \\$a"Richmond, VA"
=260  \\$b"Board of Christian Education, Presb. Church USA"
=300  \\$a181

