=LDR  00000nam a2200000Ia 4500
=008  150128s9999||||xx\||||||||||||||\||und||
=041  \\$a英 語
=100  \\$a"Guthrie, Shirley C., Jr."
=245  \\$aChristian Doctrine (Teacher's Book)
=260  \\$a"Richmond, VA"
=260  \\$bCovenant Life Curriculum Press
=300  \\$a268

