=LDR  00000nam a2200000Ia 4500
=008  150128s9999||||xx\||||||||||||||\||und||
=041  \\$a英 語
=100  \\$aOrell Hershiser
=245  \\$aOut  of the Blue
=260  \\$aTennessee USA
=260  \\$bWolgemuth & Hyatt
=300  \\$a0

