=LDR  00000nam a2200000Ia 4500
=008  150128s9999||||xx\||||||||||||||\||und||
=041  \\$a英 語
=245  \4$aThe Bible Story Library
=260  \\$aNew York
=260  \\$bTheodore Audel & Co
=300  \\$a356

