=LDR  00000nam a2200000Ia 4500
=008  150128s9999||||xx\||||||||||||||\||und||
=041  \\$a國 語
=100  \\$a張明哲
=245  \\$a一個人的朔造
=260  \\$a臺北
=260  \\$b宇宙光
=300  \\$a303

