=LDR  00000nam a2200000Ia 4500
=008  150128s9999||||xx\||||||||||||||\||und||
=041  \\$a國 語
=100  \\$a"Olson, Roger E."
=245  \\$a神 學 的 故 事
=260  \\$a臺 北
=260  \\$b校 園
=300  \\$a766

