=LDR  00000nam a2200000Ia 4500
=008  150128s9999||||xx\||||||||||||||\||und||
=041  \\$a國 語
=100  \\$a"Houghton, Frank L."
=245  \\$a恒 愛 的 光 輝
=260  \\$a臺 北
=260  \\$b以 琳 書 房
=300  \\$a401

