=LDR  00000nam a2200000Ia 4500
=008  150128s9999||||xx\||||||||||||||\||und||
=041  \\$a國 語
=245  \\$a窗 外 依 然 有 藍 天
=260  \\$a臺 北
=260  \\$b愛 家  協 會
=300  \\$a333

