=LDR  00000nam a2200000Ia 4500
=008  150128s9999||||xx\||||||||||||||\||und||
=041  \\$a國 語
=100  \\$a"Chapman, Gary"
=245  \\$a愛 之 語   (+ CD )
=260  \\$a臺 北
=260  \\$b中 國 主 日 學
=300  \\$a246

