=LDR  00000nam a2200000Ia 4500
=008  150128s9999||||xx\||||||||||||||\||und||
=041  \\$a國 語
=100  \\$a"McQuilkin, Robertson"
=245  \\$a守 住 一 生 的 承 諾   (+ VCD )
=260  \\$a臺 北
=260  \\$b傳 神 愛 網 資 訊
=300  \\$a127

