=LDR  00000nam a2200000Ia 4500
=008  150128s9999||||xx\||||||||||||||\||und||
=041  \\$a國 語
=100  \\$a劉 志 雄
=245  \\$a救 贖  的 主  ( 三  )
=260  \\$a賓 州
=260  \\$b信 望 愛
=300  \\$a0

