=LDR  00000nam a2200000Ia 4500
=008  150128s9999||||xx\||||||||||||||\||und||
=041  \\$a國 語
=100  \\$a遠 志 明
=245  \\$a到 耶 穌 這 里 來   ( 一  )
=260  \\$a賓 州
=260  \\$b信 望 愛
=300  \\$a0

