=LDR  00000nam a2200000Ia 4500
=008  150128s9999||||xx\||||||||||||||\||und||
=041  \\$a國 語
=100  \\$a遠 志 明
=245  \\$a走 那 不 知 道 的 路    ( 四  )
=260  \\$a賓 州
=260  \\$b信 望 愛
=300  \\$a0

