=LDR  00000nam a2200000Ia 4500
=008  150128s9999||||xx\||||||||||||||\||und||
=041  \\$a國 語
=100  \\$a王 見 瑄
=245  \\$a2001見 証 會
=260  \\$a紐 約
=260  \\$b新 城
=300  \\$a0

