=LDR  00000nam a2200000Ia 4500
=008  150128s9999||||xx\||||||||||||||\||und||
=041  \\$a國 語
=100  \\$a"Cymbala, Carol"
=245  \\$a永 不 離 棄 的 愛
=260  \\$a賓 州
=260  \\$b飛 鷹
=300  \\$a168

