=LDR  00000nam a2200000Ia 4500
=008  150128s9999||||xx\||||||||||||||\||und||
=041  \\$a英 語
=100  \\$a"Johnson, Douglas W."
=245  \4$aThe Care & Feeding of Volunteers
=260  \\$a"Nashville, TN"
=260  \\$bAbingdon Press
=300  \\$a125

