=LDR  00000nam a2200000Ia 4500
=008  150128s9999||||xx\||||||||||||||\||und||
=041  \\$a英 語
=100  \\$aNew York International Bible Society
=245  \4$aThe New Testament (NIV)
=260  \\$aNew York
=260  \\$bNew York International Bible Society
=300  \\$a500

