=LDR  00000nam a2200000Ia 4500
=008  150128s9999||||xx\||||||||||||||\||und||
=041  \\$a英 語
=100  \\$a"Taylor, Kenneth N."
=245  \\$aLiving Psalms and Proverbs (with the Major Prophets)
=260  \\$a"Wheaton, IL"
=260  \\$bTyndale House
=300  \\$a755

