=LDR  00000nam a2200000Ia 4500
=008  150128s9999||||xx\||||||||||||||\||und||
=041  \\$a英 語
=100  \\$a"Harrell, Irene B."
=245  \\$aPrayerables
=260  \\$a"Waco, TX"
=260  \\$bWord Books
=300  \\$a101

