=LDR  00000nam a2200000Ia 4500
=008  150128s9999||||xx\||||||||||||||\||und||
=041  \\$a英 語
=100  \\$a"Coleman, Lyman"
=245  \\$aRap: A Mini Course in Christian Lifestyle
=260  \\$a"Waco, TX"
=260  \\$bCreative Resources
=300  \\$a96

