=LDR  00000nam a2200000Ia 4500
=008  150128s9999||||xx\||||||||||||||\||und||
=041  \\$a英 語
=100  \\$a"Hinckley, Karen"
=245  \\$aJohn
=260  \\$a"Colorado Springs, CO"
=260  \\$bNavPress
=300  \\$a215

