=LDR  00000nam a2200000Ia 4500
=008  150128s9999||||xx\||||||||||||||\||und||
=041  \\$a英 語
=100  \\$aPeterson's Guides
=245  \\$aConsider a Christian College
=260  \\$a"Princeton, NJ"
=260  \\$bPeterson's Guides
=300  \\$a127

