=LDR  00000nam a2200000Ia 4500
=008  150128s9999||||xx\||||||||||||||\||und||
=041  \\$a國 語
=100  \\$a江秀琴
=245  \\$a爭戰得勝之方   ( 1-12 )
=260  \\$a加州
=260  \\$b錫安堂
=300  \\$a41

