=LDR  00000nam a2200000Ia 4500
=008  150128s9999||||xx\||||||||||||||\||und||
=041  \\$a國 語
=100  \\$a蘇文峰
=245  \\$a問世間情為何物 ( 二 )
=260  \\$a賓州
=260  \\$b信望愛
=300  \\$a0

