=LDR  00000nam a2200000Ia 4500
=008  150128s9999||||xx\||||||||||||||\||und||
=041  \\$a國 語
=100  \\$a梁燕城
=245  \\$a人生迷情 (三 )
=260  \\$a賓州
=260  \\$b信望愛
=300  \\$a0

