=LDR  00000nam a2200000Ia 4500
=008  150128s9999||||xx\||||||||||||||\||und||
=041  \\$a國 語
=100  \\$a"Lockyer, R."
=245  \\$a聖經中所有的神蹟
=260  \\$a臺北
=260  \\$b信望愛中國主日學
=300  \\$a695

