=LDR  00000nam a2200000Ia 4500
=008  150128s9999||||xx\||||||||||||||\||und||
=041  \\$a國 語
=100  \\$a赫伯特
=245  \\$a俄巴底亞，約拿，彌迦書 - 丁道爾舊約註釋
=260  \\$a臺北
=260  \\$b校園
=300  \\$a238

