=LDR  00000nam a2200000Ia 4500
=008  150128s9999||||xx\||||||||||||||\||und||
=041  \\$a國 語
=100  \\$a李政隆
=245  \\$a台灣基督教史
=260  \\$a臺北
=260  \\$b天恩
=300  \\$a174

