=LDR  00000nam a2200000Ia 4500
=008  150128s9999||||xx\||||||||||||||\||und||
=041  \\$a國 語
=100  \\$a趙天恩
=245  \\$a真理異端真偽辨
=260  \\$a臺北
=260  \\$b中福
=300  \\$a305

