=LDR  00000nam a2200000Ia 4500
=008  150128s9999||||xx\||||||||||||||\||und||
=041  \\$a國 語
=100  \\$a蔡錦圖
=245  \\$a戴德生與中國內地會
=260  \\$a香港
=260  \\$b建道神學院
=300  \\$a232

