=LDR  00000nam a2200000Ia 4500
=008  150128s9999||||xx\||||||||||||||\||und||
=041  \\$a國 語
=100  \\$a唐崇榮
=245  \\$a跨世紀的福音使命
=260  \\$a新加坡
=260  \\$b唐崇榮佈道團
=300  \\$a194

