=LDR  00000nam a2200000Ia 4500
=008  150128s9999||||xx\||||||||||||||\||und||
=041  \\$a國 語
=100  \\$a"Abbott, John S.C."
=245  \\$a基督教歷史上的重大事件
=260  \\$a臺北
=260  \\$b錫安堂
=300  \\$a294

