=LDR  00000nam a2200000Ia 4500
=008  150128s9999||||xx\||||||||||||||\||und||
=041  \\$a國 語
=100  \\$a"McGrath,Alister E"
=245  \\$a宗教改革運動思潮
=260  \\$a香港
=260  \\$b基道
=300  \\$a194

