=LDR  00000nam a2200000Ia 4500
=008  150128s9999||||xx\||||||||||||||\||und||
=041  \\$a國 語
=100  \\$a江守道
=245  \\$a屬靈生命成長的進程
=260  \\$a臺北
=260  \\$b活道
=300  \\$a225

