=LDR  00000nam a2200000Ia 4500
=008  150128s9999||||xx\||||||||||||||\||und||
=041  \\$a國 語
=100  \\$a梁潔瓊
=245  \\$a如何研讀舊約
=260  \\$a臺北
=260  \\$b校園
=300  \\$a190

