=LDR  00000nam a2200000Ia 4500
=008  150128s9999||||xx\||||||||||||||\||und||
=041  \\$a國 語
=100  \\$a"Bames, Robert ; Rosemary"
=245  \\$a傾心吐意
=260  \\$a香港
=260  \\$b天道
=300  \\$a216

