=LDR  00000nam a2200000Ia 4500
=008  150128s9999||||xx\||||||||||||||\||und||
=041  \\$a國 語
=100  \\$a王守仁
=245  \\$a從新約聖經看靈恩運動
=260  \\$a台中
=260  \\$b中台神
=300  \\$a67

