=LDR  00000nam a2200000Ia 4500
=008  150128s9999||||xx\||||||||||||||\||und||
=041  \\$a國 語
=100  \\$a古余瓊
=245  \\$a神恩奇妙
=260  \\$a紐約
=260  \\$b信望愛服務中心
=300  \\$a221

