=LDR  00000nam a2200000Ia 4500
=008  150128s9999||||xx\||||||||||||||\||und||
=041  \\$a國 語
=100  \\$a"Gray, Alice"
=245  \\$a心靈故事
=260  \\$a加州
=260  \\$b台福
=300  \\$a154

