=LDR  00000nam a2200000Ia 4500
=008  150128s9999||||xx\||||||||||||||\||und||
=041  \\$a國 語
=100  \\$a"Nee,W"
=245  \\$a人的破碎與靈的出來
=260  \\$a紐約
=260  \\$bliving Stream ministry
=300  \\$a119

