=LDR  00000nam a2200000Ia 4500
=008  150128s9999||||xx\||||||||||||||\||und||
=041  \\$a國 語
=100  \\$a"McDowell, Josh"
=245  \\$a成熟之愛
=260  \\$a臺北
=260  \\$b中國學傳
=300  \\$a220

