=LDR  00000nam a2200000Ia 4500
=008  150128s9999||||xx\||||||||||||||\||und||
=041  \\$a國 語
=100  \\$a田雅各
=245  \\$a從聖經看聖靈的工作
=260  \\$a加州
=260  \\$b愛修祈禱團
=300  \\$a121

