=LDR  00000nam a2200000Ia 4500
=008  150128s9999||||xx\||||||||||||||\||und||
=041  \\$a國 語
=100  \\$a滕近輝﹛A
=245  \\$a屬靈真境
=260  \\$a紐約
=260  \\$b靈命進深
=300  \\$a321

