=LDR  00000nam a2200000Ia 4500
=008  150128s9999||||xx\||||||||||||||\||und||
=041  \\$a國 語
=100  \\$a杏林子
=245  \\$a生命頌
=260  \\$a臺北
=260  \\$b劉俠
=300  \\$a201

