=LDR  00000nam a2200000Ia 4500
=008  150128s9999||||xx\||||||||||||||\||und||
=041  \\$a英 語
=100  \\$a"Rhodes,Arnold"
=245  \\$aTHE MIGHTY ACTS OF GOD
=260  \\$a"Atlanta,Georgia"
=260  \\$bJohn Knox Press
=300  \\$a443

