=LDR  00000nam a2200000Ia 4500
=008  150128s9999||||xx\||||||||||||||\||und||
=041  \\$a英 語
=100  \\$a"SWEETING,GEORGE"
=245  \\$aHOW TO BEGIN THE CHRISTIAN LIFE
=260  \\$aCHICAGO
=260  \\$bMOODY PRESS
=300  \\$a159

