=LDR  00000nam a2200000Ia 4500
=008  150128s9999||||xx\||||||||||||||\||und||
=041  \\$a英 語
=100  \\$a"GAEBELEIN,FRANK"
=245  \\$aTHE PATTERN OF GOD'S TRUTH
=260  \\$aCHICAGO
=260  \\$bMOODY PRESS
=300  \\$a112

