=LDR  00000nam a2200000Ia 4500
=008  150128s9999||||xx\||||||||||||||\||und||
=041  \\$a英 語
=100  \\$a"MERRILL,DEAN"
=245  \\$aFRESH IDEAS FOR ADMINIST.& FINANCE
=260  \\$a"WACO,TEXAS"
=260  \\$bWORD BOOKS PUBLISHER
=300  \\$a168

