=LDR  00000nam a2200000Ia 4500
=008  150128s9999||||xx\||||||||||||||\||und||
=041  \\$a英 語
=100  \\$a"ROBERTSON,PAT"
=245  \\$aTHE NEW WORLD ORDER
=260  \\$aMELBOURNE
=260  \\$bWORD PUPLISHING
=300  \\$a268

