=LDR  00000nam a2200000Ia 4500
=008  150128s9999||||xx\||||||||||||||\||und||
=041  \\$a英 語
=100  \\$a"LENZKES,SUSAN"
=245  \\$aWHEN THE HANDWITUNG ON THE WALL IS IN
=260  \\$a"GRAND RAPIDS,MICHIGAN"
=260  \\$bZONDERVAN PUBLISHING HOUSE
=300  \\$a109

