=LDR  00000nam a2200000Ia 4500
=008  150128s9999||||xx\||||||||||||||\||und||
=041  \\$a英 語
=100  \\$a"SJOGREN,STEVE"
=245  \\$aCONSPIRACY OF KINDNESS
=260  \\$a美國
=260  \\$bSERVANT PUBLICATIONS
=300  \\$a234

