=LDR  00000nam a2200000Ia 4500
=008  150128s9999||||xx\||||||||||||||\||und||
=041  \\$a英 語
=100  \\$a"BAXTER,MARY K."
=245  \2$aA DIVINE REVELATION OF HELL
=260  \\$a美國
=260  \\$bWHITAKER HOUSE
=300  \\$a216

