=LDR  00000nam a2200000Ia 4500
=008  150128s9999||||xx\||||||||||||||\||und||
=041  \\$a英 語
=100  \\$a"TOURNIER,PAUL"
=245  \\$aHAPPINESS IS A CHOICE
=260  \\$a"GRAND RAPIDS,MICHIGAN"
=260  \\$bBAKER BOOK HOUSE
=300  \\$a235

