=LDR  00000nam a2200000Ia 4500
=008  150128s9999||||xx\||||||||||||||\||und||
=041  \\$a英 語
=100  \\$a"LUCADO,MAX"
=245  \\$aIN THE EYE OF THE STORM
=260  \\$a美國
=260  \\$bWORD PUBLISHING
=300  \\$a292

