=LDR  00000nam a2200000Ia 4500
=008  150128s9999||||xx\||||||||||||||\||und||
=041  \\$a英 語
=100  \\$a"SWINDOLL,CHARLES"
=245  \\$aGROWING DEEP CHRISTIAN LIFE
=260  \\$a"PORTLAND,OREGON"
=260  \\$bMULTNOMAH PRESS
=300  \\$a422

