=LDR  00000nam a2200000Ia 4500
=008  150128s9999||||xx\||||||||||||||\||und||
=041  \\$a英 語
=100  \\$a"SNYDER,HOWARD A."
=245  \\$aSIGNS OF THE SPIRIT
=260  \\$a"GRANS RAPIDS,MICHIGAN"
=260  \\$bACADEMIE BOOKS
=300  \\$a314

