=LDR  00000nam a2200000Ia 4500
=008  150128s9999||||xx\||||||||||||||\||und||
=041  \\$a英 語
=100  \\$a"RAMSAY,WILLIAM"
=245  \\$aTHE CHURCH
=260  \\$a"RICHMOND,VIRGINIA"
=260  \\$bCLC PRESS
=300  \\$a224

