=LDR  00000nam a2200000Ia 4500
=008  150128s9999||||xx\||||||||||||||\||und||
=041  \\$a英 語
=100  \\$a"MORLEY,PATRICK"
=245  \\$aTHE MAN IN THE MIRROR
=260  \\$aTENNESSEE
=260  \\$bWOLGEMUTH&HYATT PUBLISHERS
=300  \\$a304

