=LDR  00000nam a2200000Ia 4500
=008  150128s9999||||xx\||||||||||||||\||und||
=041  \\$a台 語
=100  \\$a"JEFFERS, SUSAN"
=245  \\$aFEEL THE FEAR
=260  \\$aNew York
=260  \\$bballantine books
=300  \\$a227

