=LDR  00000nam a2200000Ia 4500
=008  150128s9999||||xx\||||||||||||||\||und||
=041  \\$a台 語
=100  \\$a"Murray, andrew"
=245  \\$aLiving the new life
=260  \\$ausa
=260  \\$bSpire books
=300  \\$a255

