=LDR  00000nam a2200000Ia 4500
=008  150128s9999||||xx\||||||||||||||\||und||
=041  \\$a國 語
=100  \\$a"BLACKABY, HENRY & RICHARD"
=245  \\$a不 再 一 樣 的 領 導 力
=260  \\$a加 州
=260  \\$b基 石
=300  \\$a335

