=LDR  00000nam a2200000Ia 4500
=008  150128s9999||||xx\||||||||||||||\||und||
=041  \\$a國 語
=100  \\$a柯 麥 克
=245  \\$a人 生 轉 淚 點
=260  \\$a臺 北
=260  \\$b雅 歌
=300  \\$a175

