=LDR  00000nam a2200000Ia 4500
=008  150128s9999||||xx\||||||||||||||\||und||
=041  \\$a國 語
=100  \\$a"Boyd, greygory & Edward"
=245  \\$a信 心 的 跳 躍
=260  \\$a宇 宙 光
=260  \\$b臺 北
=300  \\$a288

