=LDR  00000nam a2200000Ia 4500
=008  150128s9999||||xx\||||||||||||||\||und||
=041  \\$a國 語
=100  \\$a"Trinp, Tedd"
=245  \\$a子 女 心 ， 父 母 情
=260  \\$a加 州
=260  \\$b台 福
=300  \\$a258

