=LDR  00000nam a2200000Ia 4500
=008  150128s9999||||xx\||||||||||||||\||und||
=100  \\$a胡 慶 生  ( 翻 譯 )
=245  \\$a聖 經 的 故 事 (下 )  新 約 篇
=260  \\$a臺 北
=260  \\$b華 文   -  崇 文 館
=300  \\$a272

