=LDR  00000nam a2200000Ia 4500
=008  150128s9999||||xx\||||||||||||||\||und||
=041  \\$a國 語
=100  \\$aGETZ. Gene
=245  \\$a基 督 徒 生 活 模 式
=260  \\$a香 港
=260  \\$b証 道
=300  \\$a247

