=LDR  00000nam a2200000Ia 4500
=008  150128s9999||||xx\||||||||||||||\||und||
=041  \\$a國 語
=100  \\$a呂 仁 秀
=245  \\$a團 體 遊 戲 集 錦
=260  \\$a臺 北
=260  \\$b大 光
=300  \\$a225

