=LDR  00000nam a2200000Ia 4500
=008  150128s9999||||xx\||||||||||||||\||und||
=041  \\$a國 語
=100  \\$a潘 秋 松
=245  \\$a解 析 式 新 約 經 文 彙 編
=260  \\$a美 國
=260  \\$b麥 種 傳 道 會
=300  \\$a1054

