=LDR  00000nam a2200000Ia 4500
=008  150128s9999||||xx\||||||||||||||\||und||
=041  \\$a國 語
=100  \\$a吳 伯 恩
=245  \\$a辨 別 聖  靈  與  邪  靈
=260  \\$a臺 北
=260  \\$b校 園
=300  \\$a172

