=LDR  00000nam a2200000Ia 4500
=008  150128s9999||||xx\||||||||||||||\||und||
=041  \\$a英 語
=100  \\$aFrank Stagg
=245  \4$aThe Holy Spirit Today
=260  \\$a"Nashville, Tennessee"
=260  \\$bBroadman Press
=300  \\$a93

