=LDR  00000nam a2200000Ia 4500
=008  150128s9999||||xx\||||||||||||||\||und||
=041  \\$a英 語
=100  \\$aThomas L. Are
=245  \\$aLife-Style Stewardship Planbook
=260  \\$a"Georgia, U.S.A."
=260  \\$bLay Renewal Publications
=300  \\$a72

