=LDR  00000nam a2200000Ia 4500
=008  150128s9999||||xx\||||||||||||||\||und||
=041  \\$a英 語
=100  \\$aWatchman Nee
=245  \4$aThe Normal Christian Church Life
=260  \\$a"Kowloon, Hong Kong"
=260  \\$bThe Stream Publishers
=300  \\$a127

