=LDR  00000nam a2200000Ia 4500
=008  150128s9999||||xx\||||||||||||||\||und||
=041  \\$a英 語
=100  \\$aDr. Hilton Sutton
=245  \\$aQuestions & Answers on Bible Prophecy
=260  \\$a"Oklahoma,U.S.A."
=260  \\$bHarrison House
=300  \\$a135

