=LDR  00000nam a2200000Ia 4500
=008  150128s9999||||xx\||||||||||||||\||und||
=041  \\$a英 語
=100  \\$aCharles R. Swindoll
=245  \\$aThree Steps Forward Two Steps Back
=260  \\$a"Minnesota, U.S.A."
=260  \\$bWorldwide
=300  \\$a191

