=LDR  00000nam a2200000Ia 4500
=008  150128s9999||||xx\||||||||||||||\||und||
=041  \\$a英 語
=100  \\$aRobert Clyde Johnson
=245  \4$aThe Meaning of Christ
=260  \\$a"Philadelphia, U.S.A."
=260  \\$bThe Westminster Press
=300  \\$a96

