=LDR  00000nam a2200000Ia 4500
=008  150128s9999||||xx\||||||||||||||\||und||
=041  \\$a英 語
=100  \\$aJoseph Murphy
=245  \\$aPeace Within Yourself
=260  \\$a"CA, U.S.A."
=260  \\$b"DeVORSS & CO., Publishers"
=300  \\$a284

