=LDR  00000nam a2200000Ia 4500
=008  150128s9999||||xx\||||||||||||||\||und||
=041  \\$a英 語
=100  \\$aBernard Harnik
=245  \\$aToward a Healthy Marriage
=260  \\$a"Texas, U.S.A."
=260  \\$b"Word Books, Publishers"
=300  \\$a166

