=LDR  00000nam a2200000Ia 4500
=008  150128s9999||||xx\||||||||||||||\||und||
=041  \\$a英 語
=245  \\$aJob for Modern Man
=260  \\$aU.S.A.
=260  \\$bAmerican Bible Society
=300  \\$a89

