=LDR  00000nam a2200000Ia 4500
=008  150128s9999||||xx\||||||||||||||\||und||
=041  \\$a英 語
=100  \\$aElmer G. Million
=245  \\$aYour Faith and Your Life Work
=260  \\$a"New York, U.S.A."
=260  \\$bFriendship Press
=300  \\$a80

