=LDR  00000nam a2200000Ia 4500
=008  150128s9999||||xx\||||||||||||||\||und||
=041  \\$a英 語
=100  \\$aDale W. Brown
=245  \\$aFlamed By The Spirit
=260  \\$a"Illinois, U.S.A."
=260  \\$bThe Brethren Press
=300  \\$a80

