=LDR  00000nam a2200000Ia 4500
=008  150128s9999||||xx\||||||||||||||\||und||
=041  \\$a英 語
=100  \\$aWarren W. Wiersbe
=245  \\$aHow To Be A Caring Christian
=260  \\$a"Nebraska, U.S.A."
=260  \\$bBack To The Bible
=300  \\$a100

