=LDR  00000nam a2200000Ia 4500
=008  150128s9999||||xx\||||||||||||||\||und||
=041  \\$a英 語
=100  \\$aBill & Deana Blackburn
=245  \\$aStress Points In Marriage
=260  \\$a"Texas, U.S.A."
=260  \\$bWord Books
=300  \\$a237

