=LDR  00000nam a2200000Ia 4500
=008  150128s9999||||xx\||||||||||||||\||und||
=041  \\$a英 語
=100  \\$aHenry Brandt
=245  \\$aKeys To Happy Family Living
=260  \\$a"Chicago, U.S.A."
=260  \\$bThe Moody Bible Institute
=300  \\$a210

