=LDR  00000nam a2200000Ia 4500
=008  150128s9999||||xx\||||||||||||||\||und||
=041  \\$a英 語
=100  \\$aJohn Henry Jowett
=245  \\$aThings That Are Needful
=260  \\$a"Michigan, U.S.A."
=260  \\$bBaker Book House
=300  \\$a128

