=LDR  00000nam a2200000Ia 4500
=008  150128s9999||||xx\||||||||||||||\||und||
=041  \\$a英 語
=100  \\$aBill McKee
=245  \\$aOrbit of Ashes--Jesus is Coming!
=260  \\$a"Illinois, U.S.A."
=260  \\$bTyndale House Publishers
=300  \\$a142

