=LDR  00000nam a2200000Ia 4500
=008  150128s9999||||xx\||||||||||||||\||und||
=041  \\$a英 語
=100  \\$aDennis & Linda Roberts
=245  \\$aWell...Excuse Me
=260  \\$a"Oregon, U.S.A."
=260  \\$bHarvest House Publishers
=300  \\$a45

