=LDR  00000nam a2200000Ia 4500
=008  150128s9999||||xx\||||||||||||||\||und||
=041  \\$a英 語
=100  \\$aWim Malgo
=245  \\$aHow to Walk With God
=260  \\$a"South Carolina, U.S.A."
=260  \\$b"Midnight Call, Incorporated"
=300  \\$a26

