=LDR  00000nam a2200000Ia 4500
=008  150128s9999||||xx\||||||||||||||\||und||
=041  \\$a英 語
=100  \\$aSara Little
=245  \\$aLearning Together in the Christian Fellowship
=260  \\$a"Virginia, U.S.A."
=260  \\$bJohn Knox Press
=300  \\$a104

