=LDR  00000nam a2200000Ia 4500
=008  150128s9999||||xx\||||||||||||||\||und||
=041  \\$a英 語
=100  \\$aJ. Oswald Sanders
=245  \\$aSpiritual Lessons
=260  \\$a"Chicago, U.S.A."
=260  \\$bMoody Press
=300  \\$a189

