=LDR  00000nam a2200000Ia 4500
=008  150128s9999||||xx\||||||||||||||\||und||
=041  \\$aSpanish
=245  \2$aA Grande Descoberta (Bible)
=260  \\$aBrasil
=260  \\$bCemear
=300  \\$a312

