=LDR  00000nam a2200000Ia 4500
=008  150128s9999||||xx\||||||||||||||\||und||
=041  \\$a英 語
=100  \\$aHarry N. Huxhold
=245  \\$aPower for the Church in the Midst of Chaos
=260  \\$aLondon
=260  \\$bConcordia Publishing House
=300  \\$a95

