=LDR  00000nam a2200000Ia 4500
=008  150128s9999||||xx\||||||||||||||\||und||
=041  \\$a英 語
=100  \\$aHenry Jacobsen
=245  \4$aThe Good Life
=260  \\$a"Illinois, U.S.A."
=260  \\$bVictor Books
=300  \\$a120

