=LDR  00000nam a2200000Ia 4500
=008  150128s9999||||xx\||||||||||||||\||und||
=041  \\$a英 語
=100  \\$aRobert S. Paul
=245  \\$aKingdom Come!
=260  \\$a"Michigan, U.S.A."
=260  \\$bWilliam B. Eerdmans Publishing Company
=300  \\$a88

