=LDR  00000nam a2200000Ia 4500
=008  150128s9999||||xx\||||||||||||||\||und||
=041  \\$a英 語
=100  \\$aJoseph C. Mclelland
=245  \\$aLiving for Christ
=260  \\$a"Virginia, U.S.A."
=260  \\$bJohn Knox Press
=300  \\$a109

