=LDR  00000nam a2200000Ia 4500
=008  150128s9999||||xx\||||||||||||||\||und||
=041  \\$a英 語
=100  \\$aC. Gordon Brownville
=245  \\$aSymbols of the Holy Spirit
=260  \\$a"Illinois, U.S.A."
=260  \\$b"Tyndale House Publishers, Inc."
=300  \\$a139

