=LDR  00000nam a2200000Ia 4500
=008  150128s9999||||xx\||||||||||||||\||und||
=041  \\$a英 語
=100  \\$aKendrick Strong
=245  \\$aGrowing Into Faith
=260  \\$a"Pennsylvania, U.S.A."
=260  \\$bThe Christian Education Press
=300  \\$a126

