=LDR  00000nam a2200000Ia 4500
=008  150128s9999||||xx\||||||||||||||\||und||
=041  \\$a英 語
=100  \\$aJ. Dwight Pentecost
=245  \\$aYour Adversary The Devil
=260  \\$a"Michigan, U.S.A."
=260  \\$bZondervan Publishing House
=300  \\$a191

