=LDR  00000nam a2200000Ia 4500
=008  150128s9999||||xx\||||||||||||||\||und||
=041  \\$a英 語
=100  \\$a"Paula Ripple, F.S.P.A."
=245  \\$aWalking With Loneliness
=260  \\$a"Indiana, U.S.A."
=260  \\$bAve Maria Press
=300  \\$a159

