=LDR  00000nam a2200000Ia 4500
=008  150128s9999||||xx\||||||||||||||\||und||
=041  \\$a英 語
=100  \\$aLyman Coleman & Denny Rydberg
=245  \\$aAll the Way on Discipleship
=260  \\$a"Colorado, U.S.A."
=260  \\$bSerendipity Press
=300  \\$a48

