=LDR  00000nam a2200000Ia 4500
=008  150128s9999||||xx\||||||||||||||\||und||
=041  \\$a英 語
=100  \\$aJohn Wimber & Kevin Springer
=245  \4$aThe Way to Maturity
=260  \\$a"California, U.S.A."
=260  \\$bRegal Books
=300  \\$a147

