=LDR  00000nam a2200000Ia 4500
=008  150128s9999||||xx\||||||||||||||\||und||
=041  \\$a英 語
=100  \\$aGerald C. Studer
=245  \\$a"After Death, What?"
=260  \\$aPennsylvania & Ontario
=260  \\$bHerald Press
=300  \\$a183

