=LDR  00000nam a2200000Ia 4500
=008  150128s9999||||xx\||||||||||||||\||und||
=041  \\$a英 語
=100  \\$a"Gardiner Spring, D.D."
=245  \4$aThe Distinguishing Traits of Christian Character
=260  \\$a"New Jersey, U.S.A."
=260  \\$bPresbyterian and Reformed Publishing Co.
=300  \\$a80

