=LDR  00000nam a2200000Ia 4500
=008  150128s9999||||xx\||||||||||||||\||und||
=041  \\$a英 語
=100  \\$aRobert K. Churchill
=245  \\$aGlorious is the Baptism of the Spirit
=260  \\$aU.S.A.
=260  \\$bPresbyterian and Reformed Publishing Company
=300  \\$a74

