=LDR  00000nam a2200000Ia 4500
=008  150128s9999||||xx\||||||||||||||\||und||
=041  \\$a英 語
=100  \\$aLouise L. Hay
=245  \\$aLove Your Body
=260  \\$a"California, U.S.A."
=260  \\$b"Hay House, Inc."
=300  \\$a106

