=LDR  00000nam a2200000Ia 4500
=008  150128s9999||||xx\||||||||||||||\||und||
=041  \\$a英 語
=100  \\$a"Lehman Strauss, Litt. D."
=245  \\$aDemons yes-but thank God for good Angels
=260  \\$a"New Jersey, U.S.A."
=260  \\$bLoizeaux Brothers
=300  \\$a121

