=LDR  00000nam a2200000Ia 4500
=008  150128s9999||||xx\||||||||||||||\||und||
=041  \\$a國 語
=100  \\$a李 徹
=245  \\$a宗 教 戰 爭
=260  \\$a美 國
=260  \\$b華 府 基 督 生 命 堂
=300  \\$a0

