=LDR  00000nam a2200000Ia 4500
=008  150128s9999||||xx\||||||||||||||\||und||
=041  \\$a國 語
=100  \\$a李 定 武
=245  \\$a未 識 之 神 ( 一 )
=260  \\$a新 州
=260  \\$b更 新
=300  \\$a0

