=LDR  00000nam a2200000Ia 4500
=008  150128s9999||||xx\||||||||||||||\||und||
=041  \\$a國 語
=100  \\$a邱 清 泰
=245  \\$a人 際 關 係 與 溝 通 ( 上  )
=260  \\$a臺 灣
=260  \\$b中 信 佈  道
=300  \\$a0

