=LDR  00000nam a2200000Ia 4500
=008  150128s9999||||xx\||||||||||||||\||und||
=041  \\$a國 語
=100  \\$a董 榮 光
=245  \\$a台 商 的 生 機
=260  \\$a臺 灣
=260  \\$b浸 傳
=300  \\$a0

