=LDR  00000nam a2200000Ia 4500
=008  150128s9999||||xx\||||||||||||||\||und||
=041  \\$a國 語
=100  \\$a葉 明 翰
=245  \\$a算 命 與 改 運
=260  \\$a美 國
=260  \\$b新 城
=300  \\$a0

