=LDR  00000nam a2200000Ia 4500
=008  150128s9999||||xx\||||||||||||||\||und||
=041  \\$a國 語
=100  \\$a吳 德 聖
=245  \\$a重 建 與 關 切
=260  \\$a美國
=260  \\$b新 城
=300  \\$a0

