=LDR  00000nam a2200000Ia 4500
=008  150128s9999||||xx\||||||||||||||\||und||
=041  \\$a國 語
=245  \\$a你 真 偉 大
=260  \\$a美 國
=260  \\$b布 碌 崙 教 會
=300  \\$a0

