=LDR  00000nam a2200000Ia 4500
=008  150128s9999||||xx\||||||||||||||\||und||
=041  \\$a國 語
=100  \\$a主恩服務社
=245  \\$a"傳道書 ( 1,2 )"
=260  \\$a臺灣桃園
=260  \\$b主恩
=300  \\$a0

