=LDR  00000nam a2200000Ia 4500
=008  150128s9999||||xx\||||||||||||||\||und||
=041  \\$a國 語
=100  \\$aCYMBALA J.& MERRILL D.
=245  \\$a疾風烈火
=260  \\$a臺北
=260  \\$b雅歌
=300  \\$a215

