=LDR  00000nam a2200000Ia 4500
=008  150128s9999||||xx\||||||||||||||\||und||
=041  \\$a國 語
=100  \\$a馮蔭坤
=245  \\$a帖撒羅尼迦後書
=260  \\$a香港
=260  \\$b天道
=300  \\$a521

