=LDR  00000nam a2200000Ia 4500
=008  150128s9999||||xx\||||||||||||||\||und||
=041  \\$a國 語
=100  \\$a丁道爾
=245  \\$a但以理書
=260  \\$a臺北
=260  \\$b校園
=300  \\$a244

