=LDR  00000nam a2200000Ia 4500
=008  150128s9999||||xx\||||||||||||||\||und||
=041  \\$a國 語
=100  \\$a教會
=245  \\$a兒童詩歌演唱專輯 ( 95 - 106 )
=260  \\$a臺北
=260  \\$b兒童詩歌視聽
=300  \\$a0

