=LDR  00000nam a2200000Ia 4500
=008  150128s9999||||xx\||||||||||||||\||und||
=041  \\$a國 語
=245  \\$a請 問 ， 生 命
=260  \\$a臺 北
=260  \\$b校 園
=300  \\$a0

