=LDR  00000nam a2200000Ia 4500
=008  150128s9999||||xx\||||||||||||||\||und||
=041  \\$a國 語
=100  \\$a周 同 培
=245  \\$a尋 根 與 簡 析( 3 )
=260  \\$a美 國
=260  \\$b海 外 華 福
=300  \\$a0

