=LDR  00000nam a2200000Ia 4500
=008  150128s9999||||xx\||||||||||||||\||und||
=041  \\$a國 語
=100  \\$a林 國 亮
=245  \\$a人 際 關 係 的 調 整 療 傷 的 治 療
=260  \\$a美 國
=260  \\$bGospel Tape Ministry
=300  \\$a0

