=LDR  00000nam a2200000Ia 4500
=008  150128s9999||||xx\||||||||||||||\||und||
=041  \\$a國 語
=100  \\$a黃 子 嘉
=245  \\$a馬 太 福 音 精 研 ( 6 )
=260  \\$a美 國
=260  \\$b若 歌
=300  \\$a0

