=LDR  00000nam a2200000Ia 4500
=008  150128s9999||||xx\||||||||||||||\||und||
=041  \\$a國 語
=245  \\$a普 世 佳 音 23集
=260  \\$a臺 北
=260  \\$b浸 信 會 有 聲
=300  \\$a0

