=LDR  00000nam a2200000Ia 4500
=008  150128s9999||||xx\||||||||||||||\||und||
=041  \\$a國 語
=100  \\$a周 同 培
=245  \\$a馬 太 福 音 家 譜 中 的 四 個 婦 女
=260  \\$a美 國 加 州
=260  \\$bOCCA
=300  \\$a0

