=LDR  00000nam a2200000Ia 4500
=008  150128s9999||||xx\||||||||||||||\||und||
=100  \\$aOCCA
=245  \\$a8
=260  \\$a0
=260  \\$b2000

