=LDR  00000nam a2200000Ia 4500
=008  150128s9999||||xx\||||||||||||||\||und||
=041  \\$a國 語
=100  \\$a周 同 培
=245  \\$a約 瑟 與 馬 利 亞
=260  \\$a美 國 加 州
=260  \\$bOCCA
=300  \\$a0

