=LDR  00000nam a2200000Ia 4500
=008  150128s9999||||xx\||||||||||||||\||und||
=041  \\$a國 語
=100  \\$a王 建 瑄
=245  \\$a6/3/01見 証 會
=260  \\$a美 國 加 州
=260  \\$bOCCA
=300  \\$a0

