=LDR  00000nam a2200000Ia 4500
=008  150128s9999||||xx\||||||||||||||\||und||
=041  \\$a國 語
=100  \\$a王 永 信
=245  \\$a宣 道 二  (1996 培 靈 會 )
=260  \\$a美 國 加 州
=260  \\$bOCCA
=300  \\$a0

