=LDR  00000nam a2200000Ia 4500
=008  150128s9999||||xx\||||||||||||||\||und||
=041  \\$a國 語
=100  \\$a楊 摩 西
=245  \\$a2000年全球電腦大爆炸( 四 )
=260  \\$a美 國 新  州
=260  \\$b國 際 福 音 佈 道 神 學 院
=300  \\$a0

