=LDR  00000nam a2200000Ia 4500
=008  150128s9999||||xx\||||||||||||||\||und||
=041  \\$a國 語
=100  \\$a焦 源 濂
=245  \\$a天 路 人 生 之 謎
=260  \\$amayriland
=260  \\$bGospel tape ministry
=300  \\$a0

