=LDR  00000nam a2200000Ia 4500
=008  150128s9999||||xx\||||||||||||||\||und||
=041  \\$a台 語
=100  \\$a賴 鴻 毅
=245  \\$a主 禱 文
=260  \\$a臺 灣 高 雄
=260  \\$b賴 牧 師 聖 樂 工 作 室
=300  \\$a0

