=LDR  00000nam a2200000Ia 4500
=008  150128s9999||||xx\||||||||||||||\||und||
=041  \\$a國 語
=100  \\$a賴 鴻 毅
=245  \\$a聖詠 (內 心 的 光) 獨 唱 專 輯
=260  \\$a臺 灣 高 雄
=260  \\$b賴 牧 師 聖 樂 工 作 室
=300  \\$a0

