=LDR  00000nam a2200000Ia 4500
=008  150128s9999||||xx\||||||||||||||\||und||
=041  \\$a國 語
=100  \\$a滕 近 輝
=245  \\$a儆 醒 剛 強
=260  \\$aNEW YORK
=260  \\$b靈 命 進 深
=300  \\$a0

