=LDR  00000nam a2200000Ia 4500
=008  150128s9999||||xx\||||||||||||||\||und||
=041  \\$a國 語
=100  \\$a大衛
=245  \\$a走窄路
=260  \\$a香港
=260  \\$b基道
=300  \\$a96

