=LDR  00000nam a2200000Ia 4500
=008  150128s9999||||xx\||||||||||||||\||und||
=041  \\$a國 語
=100  \\$a吳恩溥
=245  \\$a全面認識聖靈
=260  \\$a台北
=260  \\$b校園
=300  \\$a170

