=LDR  00000nam a2200000Ia 4500
=008  150128s9999||||xx\||||||||||||||\||und||
=041  \\$a國 語
=100  \\$a劉黃懷甯
=245  \\$a真愛傳家寶
=260  \\$a賓州
=260  \\$b飛鷹
=300  \\$a231

