=LDR  00000nam a2200000Ia 4500
=008  150128s9999||||xx\||||||||||||||\||und||
=041  \\$a國 語
=100  \\$a艾玫絲
=245  \\$a美麗一身
=260  \\$a台北
=260  \\$b校園
=300  \\$a240

