=LDR  00000nam a2200000Ia 4500
=008  150128s9999||||xx\||||||||||||||\||und||
=041  \\$a國 語
=100  \\$a"RICHARDSON,DOM"
=245  \\$a永恒在我心
=260  \\$a臺北
=260  \\$b基教橄欖
=300  \\$a226

