=LDR  00000nam a2200000Ia 4500
=008  150128s9999||||xx\||||||||||||||\||und||
=041  \\$a國 語
=100  \\$a"NICHOLS, MICHAEL P,"
=245  \\$a運轉中年
=260  \\$a臺北
=260  \\$b台基
=300  \\$a196

