=LDR  00000nam a2200000Ia 4500
=008  150128s9999||||xx\||||||||||||||\||und||
=041  \\$a國 語
=100  \\$aPhilip Yancey
=245  \\$a尋神記—與神相遇世情中
=260  \\$a香港
=260  \\$b天道
=300  \\$a250p

