=LDR  00000nam a2200000Ia 4500
=008  150128s9999||||xx\||||||||||||||\||und||
=100  \\$a天道
=245  \\$a棄俗尋真?0
=260  \\$a175p.
=260  \\$b1993

