=LDR  00000nam a2200000Ia 4500
=008  150128s9999||||xx\||||||||||||||\||und||
=100  \\$aJ.I.Packer
=245  \\$a重尋聖潔
=260  \\$a香港?291p.
=260  \\$b天道

