=LDR  00000nam a2200000Ia 4500
=008  150128s9999||||xx\||||||||||||||\||und||
=100  \\$a張文亮
=245  \\$a深入非洲三萬里—李文斯頓傳
=260  \\$a台灣?348p.
=260  \\$b校園

