=LDR  00000nam a2200000Ia 4500
=008  150128s9999||||xx\||||||||||||||\||und||
=100  \\$aHenri J.M.Nouwen
=245  \\$a新造的人—屬靈人的印記
=260  \\$a香港?70p.
=260  \\$b基道

