=LDR  00000nam a2200000Ia 4500
=008  150128s9999||||xx\||||||||||||||\||und||
=100  \\$aEugene H. Peterson
=245  \\$a俗世聖徒—平凡人的靈性生活
=260  \\$a香港?247p.
=260  \\$b天道

