=LDR  00000nam a2200000Ia 4500
=008  150128s9999||||xx\||||||||||||||\||und||
=041  \\$a國 語
=100  \\$aFrank Morison
=245  \\$a墓石懸疑—復活對的千古反思
=260  \\$a香港
=260  \\$b基道
=300  \\$a276p.

