=LDR  00000nam a2200000Ia 4500
=008  150128s9999||||xx\||||||||||||||\||und||
=041  \\$a國 語
=100  \\$aGregory A. & Edward K.Boyd
=245  \\$a信心的跳躍
=260  \\$a台灣
=260  \\$b宇宙光
=300  \\$a288p.

