=LDR  00000nam a2200000Ia 4500
=008  150128s9999||||xx\||||||||||||||\||und||
=041  \\$a國 語
=100  \\$aLarry Crabb
=245  \\$a男女幸不同
=260  \\$a香港
=260  \\$b天道
=300  \\$a176p.

