=LDR  00000nam a2200000Ia 4500
=008  150128s9999||||xx\||||||||||||||\||und||
=041  \\$a國 語
=100  \\$aDavid F. Wells
=245  \\$a孤獨的神—後現代的福音派信仰危機
=260  \\$a香港
=260  \\$b天道
=300  \\$a263p.

