=LDR  00000nam a2200000Ia 4500
=008  150128s9999||||xx\||||||||||||||\||und||
=041  \\$a國 語
=100  \\$aAllen Webb
=245  \\$a牧杖／權杖—屬靈領袖的操練
=260  \\$a香港
=260  \\$b證主
=300  \\$a128p.

