=LDR  00000nam a2200000Ia 4500
=008  150128s9999||||xx\||||||||||||||\||und||
=041  \\$a國 語
=100  \\$aJim George
=245  \\$a合神心意的男人
=260  \\$a台灣
=260  \\$b以琳
=300  \\$a220p.

