=LDR  00000nam a2200000Ia 4500
=008  150128s9999||||xx\||||||||||||||\||und||
=100  \\$aHenry Cloudn& John Townsend
=245  \\$a為婚姻立界限
=260  \\$a美國?267p.
=260  \\$b台福

