=LDR  00000nam a2200000Ia 4500
=008  150128s9999||||xx\||||||||||||||\||und||
=041  \\$a國 語
=100  \\$aNeil Clark Warren
=245  \\$a非常選擇，非常Match
=260  \\$a台灣
=260  \\$b愛家
=300  \\$a295p.

