=LDR  00000nam a2200000Ia 4500
=008  150128s9999||||xx\||||||||||||||\||und||
=041  \\$a國 語
=100  \\$aE. Glen Wagner & Glen S. Martin
=245  \\$a服侍你的牧者
=260  \\$a香港
=260  \\$b福音團契
=300  \\$a243p.

