=LDR  00000nam a2200000Ia 4500
=008  150128s9999||||xx\||||||||||||||\||und||
=041  \\$a國 語
=100  \\$aGordon MacDonald
=245  \\$a蒙福的生命
=260  \\$a香港
=260  \\$b天道
=300  \\$a184p.

