=LDR  00000nam a2200000Ia 4500
=008  150128s9999||||xx\||||||||||||||\||und||
=041  \\$a國 語
=100  \\$aCarol Lesser Baldwin
=245  \\$a友誼式協談
=260  \\$a台灣
=260  \\$b校園
=300  \\$a335p.

