=LDR  00000nam a2200000Ia 4500
=008  150128s9999||||xx\||||||||||||||\||und||
=041  \\$a國 語
=100  \\$a"Jackson,s.t."
=245  \\$a瞎眼的看見神
=260  \\$a臺北
=260  \\$b橄欖
=300  \\$a103

