=LDR  00000nam a2200000Ia 4500
=008  150128s9999||||xx\||||||||||||||\||und||
=041  \\$a國 語
=100  \\$aC.Peter Wagner
=245  \\$a教會增長
=260  \\$a台北
=260  \\$b種籽
=300  \\$a204p.

