=LDR  00000nam a2200000Ia 4500
=008  150128s9999||||xx\||||||||||||||\||und||
=100  \\$aJohn Stott
=245  \\$a基督教文化的挑戰
=260  \\$a香港?242p.
=260  \\$b宣道

