=LDR  00000nam a2200000Ia 4500
=008  150128s9999||||xx\||||||||||||||\||und||
=041  \\$a國 語
=100  \\$a蘇文峰
=245  \\$a海外中國學人事工
=260  \\$a美國
=260  \\$b校園
=300  \\$a185

