=LDR  00000nam a2200000Ia 4500
=008  150128s9999||||xx\||||||||||||||\||und||
=041  \\$a國 語
=100  \\$a王約瑟
=245  \\$a王明道見証
=260  \\$a美國
=260  \\$b中華福音
=300  \\$a174

