=LDR  00000nam a2200000Ia 4500
=008  150128s9999||||xx\||||||||||||||\||und||
=041  \\$a國 語
=100  \\$a張文亮
=245  \\$a星空下飛翔的教授
=260  \\$a臺北
=260  \\$b時報文化
=300  \\$a180

