=LDR  00000nam a2200000Ia 4500
=008  150128s9999||||xx\||||||||||||||\||und||
=041  \\$a國 語
=100  \\$a黃清一
=245  \\$a創造良好的親子關係C管與教(三，四)
=260  \\$a美國
=260  \\$b台福
=300  \\$a0

