=LDR  00000nam a2200000Ia 4500
=008  150128s9999||||xx\||||||||||||||\||und||
=041  \\$a國 語
=100  \\$a浟然
=245  \\$a金色年華 (一，二)
=260  \\$a美國
=260  \\$b台福
=300  \\$a0

