=LDR  00000nam a2200000Ia 4500
=008  150128s9999||||xx\||||||||||||||\||und||
=041  \\$a國 語
=100  \\$a中原大學
=245  \\$a我的平安
=260  \\$a台灣
=260  \\$b中原大學
=300  \\$a0

