=LDR  00000nam a2200000Ia 4500
=008  150128s9999||||xx\||||||||||||||\||und||
=041  \\$a國 語
=100  \\$a張郁嵐
=245  \\$a認識真理(修訂本)
=260  \\$a新加坡
=260  \\$b使者
=300  \\$a221

