=LDR  00000nam a2200000Ia 4500
=008  150128s9999||||xx\||||||||||||||\||und||
=041  \\$a國 語
=245  \\$a啟示錄
=260  \\$a加州
=260  \\$b証主
=300  \\$a746

