=LDR  00000nam a2200000Ia 4500
=008  150128s9999||||xx\||||||||||||||\||und||
=041  \\$a國 語
=100  \\$a"WARREN, Rick"
=245  \\$a標竿人生
=260  \\$a賓州
=260  \\$b使者
=300  \\$a379

