=LDR  00000nam a2200000Ia 4500
=008  150128s9999||||xx\||||||||||||||\||und||
=041  \\$a國 語
=100  \\$a饒孝楫
=245  \\$a講道
=260  \\$a加州
=260  \\$b校園
=300  \\$a69

