=LDR  00000nam a2200000Ia 4500
=008  150128s9999||||xx\||||||||||||||\||und||
=041  \\$a國 語
=100  \\$a馮秉誠
=245  \\$a領人歸主
=260  \\$a加州
=260  \\$b校園
=300  \\$a75

