=LDR  00000nam a2200000Ia 4500
=008  150128s9999||||xx\||||||||||||||\||und||
=041  \\$a國 語
=100  \\$a"Morgan , Robert j."
=245  \\$a101 生命故事
=260  \\$a台北
=260  \\$b天恩
=300  \\$a271

