=LDR  00000nam a2200000Ia 4500
=008  150128s9999||||xx\||||||||||||||\||und||
=041  \\$a國 語
=100  \\$a陳惠琬，蘇文安
=245  \\$a人生補羹
=260  \\$a台北
=260  \\$b天恩
=300  \\$a249

