=LDR  00000nam a2200000Ia 4500
=008  150128s9999||||xx\||||||||||||||\||und||
=041  \\$a國 語
=100  \\$a張建明，黃錫木
=245  \\$a使徒行傳 析讀
=260  \\$a香港
=260  \\$b出道
=300  \\$a184

