=LDR  00000nam a2200000Ia 4500
=008  150128s9999||||xx\||||||||||||||\||und||
=041  \\$a國 語
=100  \\$a穆 亨 瑞
=245  \\$a天 上 的 賞 賜
=260  \\$a臺 北
=260  \\$b浸 信 會 文 子 中 心
=300  \\$a151

