=LDR  00000nam a2200000Ia 4500
=008  150128s9999||||xx\||||||||||||||\||und||
=041  \\$a國 語
=100  \\$a李順長
=245  \\$a作你情侶的好情侶
=260  \\$a臺 北
=260  \\$b校園
=300  \\$a167

