=LDR  00000nam a2200000Ia 4500
=008  150128s9999||||xx\||||||||||||||\||und||
=041  \\$a國 語
=100  \\$a里 程
=245  \\$a游 子 吟- 永 恆 在 召 喚
=260  \\$a賓 州
=260  \\$b使 者
=300  \\$a360

