=LDR  00000nam a2200000Ia 4500
=008  150128s9999||||xx\||||||||||||||\||und||
=041  \\$a國 語
=100  \\$ahonor book inc.
=245  \\$a上 帝 的 小 叮 嚀
=260  \\$a臺 北
=260  \\$b道 聲
=300  \\$a154

