=LDR  00000nam a2200000Ia 4500
=008  150128s9999||||xx\||||||||||||||\||und||
=041  \\$a國 語
=100  \\$a連 加 恩
=245  \\$a愛 呆 西 非 連 加 恩
=260  \\$a臺 北
=260  \\$b園 神
=300  \\$a247

