=LDR  00000nam a2200000Ia 4500
=008  150128s9999||||xx\||||||||||||||\||und||
=041  \\$a國 語
=100  \\$a"MILL, BILL"
=245  \\$a愛 是 坦 然 無 懼
=260  \\$a香 港
=260  \\$b福 音 証 主
=300  \\$a233

