=LDR  00000nam a2200000Ia 4500
=008  150128s9999||||xx\||||||||||||||\||und||
=041  \\$a國 語
=100  \\$a"ENGLISH,D"
=245  \\$a馬 可 福音
=260  \\$a臺北
=260  \\$b校園
=300  \\$a341

