=LDR  00000nam a2200000Ia 4500
=008  150128s9999||||xx\||||||||||||||\||und||
=100  \\$a黃朱倫，吳仲誠  ?校 園
=245  \\$a天 長 地 久
=260  \\$a264
=260  \\$b2004

