=LDR  00000nam a2200000Ia 4500
=008  150128s9999||||xx\||||||||||||||\||und||
=041  \\$a國 語
=100  \\$a陳 終 道
=245  \\$a直 到 地 極
=260  \\$a香 港
=260  \\$b宣 道
=300  \\$a418

