=LDR  00000nam a2200000Ia 4500
=008  150128s9999||||xx\||||||||||||||\||und||
=041  \\$a國 語
=100  \\$a"BLOCHER, HENRI"
=245  \\$a創 世 啟 示
=260  \\$a臺 北
=260  \\$b校 園
=300  \\$a318

