=LDR  00000nam a2200000Ia 4500
=008  150128s9999||||xx\||||||||||||||\||und||
=041  \\$a國 語
=100  \\$a"AMSTRONG,KAREN"
=245  \\$a穆 罕 默 德
=260  \\$a臺 北
=260  \\$b究 竟 出 版
=300  \\$a419

