=LDR  00000nam a2200000Ia 4500
=008  150128s9999||||xx\||||||||||||||\||und||
=041  \\$a國 語
=100  \\$a"STOTT, JOHN"
=245  \\$a論 領 導
=260  \\$a臺 北
=260  \\$b校 園
=300  \\$a128

