=LDR  00000nam a2200000Ia 4500
=008  150128s9999||||xx\||||||||||||||\||und||
=041  \\$a國 語
=100  \\$a張 德 培
=245  \\$a掌 握 人 生 發 球 權
=260  \\$a臺 北
=260  \\$b雅 歌 社
=300  \\$a284

