=LDR  00000nam a2200000Ia 4500
=008  150128s9999||||xx\||||||||||||||\||und||
=041  \\$a國 語
=100  \\$a"MACDONALD, JAMES"
=245  \\$a愛 家 七 訣
=260  \\$a臺 北
=260  \\$b雅 歌 社
=300  \\$a251

