=LDR  00000nam a2200000Ia 4500
=008  150128s9999||||xx\||||||||||||||\||und||
=041  \\$a國 語
=100  \\$aTOWNSEND & CLOUD
=245  \\$a偉 大 小 孩 養 成 術
=260  \\$a臺 北
=260  \\$b校 園
=300  \\$a282

