=LDR  00000nam a2200000Ia 4500
=008  150128s9999||||xx\||||||||||||||\||und||
=041  \\$a國 語
=100  \\$a"STRAUCH, ALEXANDER"
=245  \\$a平等裏有差別
=260  \\$aHONGKOMNG
=260  \\$b天糧書室`
=300  \\$a157

