=LDR  00000nam a2200000Ia 4500
=008  150128s9999||||xx\||||||||||||||\||und||
=041  \\$a國 語
=100  \\$a何述儉
=245  \\$a從信心始祖亞伯拉罕談起
=260  \\$a臺北
=260  \\$b校園
=300  \\$a256

