=LDR  00000nam a2200000Ia 4500
=008  150128s9999||||xx\||||||||||||||\||und||
=041  \\$a國 語
=100  \\$a"Flynn, Leslie B"
=245  \\$a人是什麼
=260  \\$a加州
=260  \\$bLiving  Spring Publications.
=300  \\$a134

