=LDR  00000nam a2200000Ia 4500
=008  150128s9999||||xx\||||||||||||||\||und||
=041  \\$a國 語
=100  \\$a"Soucy, Rovert L"
=245  \\$a聖經可靠麼 ?
=260  \\$a加州
=260  \\$bLiving  spring  publications
=300  \\$a128

