=LDR  00000nam a2200000Ia 4500
=008  150128s9999||||xx\||||||||||||||\||und||
=041  \\$a國 語
=100  \\$aMilligan. G
=245  \\$a新約聖經流傳史略
=260  \\$a香港
=260  \\$b拾珍
=300  \\$a297

