=LDR  00000nam a2200000Ia 4500
=008  150128s9999||||xx\||||||||||||||\||und||
=100  \\$a"Lum, Ada"
=245  \\$a不可錯過的耶穌
=260  \\$a台北
=260  \\$b校園
=300  \\$a205

