=LDR  00000nam a2200000Ia 4500
=008  150128s9999||||xx\||||||||||||||\||und||
=041  \\$a國 語
=100  \\$a楊腓力
=245  \\$a耶穌真貌
=260  \\$a台灣桃園
=260  \\$b提比哩亞
=300  \\$a345

