=LDR  00000nam a2200000Ia 4500
=008  150128s9999||||xx\||||||||||||||\||und||
=041  \\$a國 語
=100  \\$a"Graham,L Anne"
=245  \\$a我只要耶穌
=260  \\$a臺北
=260  \\$b中國主日學
=300  \\$a415

