=LDR  00000nam a2200000Ia 4500
=008  150128s9999||||xx\||||||||||||||\||und||
=041  \\$a國 語
=100  \\$aWarren W.Wiersbe
=245  \\$a永恆的讚美(詩篇靈修365)
=260  \\$a美國
=260  \\$bKemelof wheat christian ministries
=300  \\$a350+-

