=LDR  00000nam a2200000Ia 4500
=008  150128s9999||||xx\||||||||||||||\||und||
=041  \\$a國 語
=100  \\$aGordon D.Fee$Douglas Stuart
=245  \\$a讀 經 的 藝 術
=260  \\$a臺 北
=260  \\$b中 華 福 音 神 學 院
=300  \\$a323

