=LDR  00000nam a2200000Ia 4500
=008  150128s9999||||xx\||||||||||||||\||und||
=041  \\$a國 語
=100  \\$aCloud. Henry
=245  \\$a為 孩 子 立 界 線
=260  \\$a美 國
=260  \\$b台 福
=300  \\$a265

