=LDR  00000nam a2200000Ia 4500
=008  150128s9999||||xx\||||||||||||||\||und||
=041  \\$a國 語
=100  \\$aKusenning. Delores
=245  \\$a做 傷 心 人 的 好 朋 友
=260  \\$a臺 北
=260  \\$b中 國   主 日 學
=300  \\$a425

