=LDR  00000nam a2200000Ia 4500
=008  150128s9999||||xx\||||||||||||||\||und||
=041  \\$a國 語
=100  \\$aRichardson.Michael
=245  \\$a非 凡 新 心
=260  \\$a臺 北
=260  \\$b雅 歌
=300  \\$a296

