=LDR  00000nam a2200000Ia 4500
=008  150128s9999||||xx\||||||||||||||\||und||
=041  \\$a英 語
=100  \\$a"GRIFFIN, EM"
=245  \\$aMAKING FRIENDS(& MAKING THEM COUNT)
=260  \\$aILL
=260  \\$bINTER VARSITY PLACE
=300  \\$a223

