=LDR  00000nam a2200000Ia 4500
=008  150128s9999||||xx\||||||||||||||\||und||
=041  \\$a英 語
=100  \\$a"BROMILEY, GEOFFREY W."
=245  \\$aTHEOLOGICAL DICTIONARY OF NEW TESTAMENT
=260  \\$aMICHIGAN
=260  \\$bWILLAIM B. EERDMANS PUBLISHING CO.
=300  \\$a1356

