=LDR  00000nam a2200000Ia 4500
=008  150128s9999||||xx\||||||||||||||\||und||
=041  \\$a英 語
=245  \2$aA TIME TO CHERISH
=260  \\$aCOLORADO
=260  \\$bCOLORADO SPRINGS PUBLISHING
=300  \\$a189

