=LDR  00000nam a2200000Ia 4500
=008  150128s9999||||xx\||||||||||||||\||und||
=041  \\$a英 語
=100  \\$a"WHITE, JOHN"
=245  \\$aTHE FIGHT
=260  \\$aILLINOIS
=260  \\$bINTERVARSITY PRESS
=300  \\$a230

