=LDR  00000nam a2200000Ia 4500
=008  150128s9999||||xx\||||||||||||||\||und||
=041  \\$a英 語
=100  \\$a"HILL, GRACE LIVIGSTON"
=245  \\$aGRACE LIVINGSTON  HIL- ACCORDING TO THE PATTERN/
=260  \\$aNEW JERSEY
=260  \\$bBARBOUR BOOKS
=300  \\$a198

