=LDR  00000nam a2200000Ia 4500
=008  150128s9999||||xx\||||||||||||||\||und||
=041  \\$a英 語
=100  \\$a"HILL, GRACE LIVINGSTON"
=245  \\$aGRACE LIVINGSTON HILL- A DAILY ROUTE/
=260  \\$aNEW JEREY
=260  \\$bBARBOUR BOOKS
=300  \\$a172

