=LDR  00000nam a2200000Ia 4500
=008  150128s9999||||xx\||||||||||||||\||und||
=041  \\$a英 語
=100  \\$a"FIELDS, DOUG"
=245  \\$aPURPOSE DRIVEN YOUTH MINISTRY
=260  \\$aMICHIGAN
=260  \\$bZONDERVAN PUBLISHING HOUSE
=300  \\$a395

