=LDR  00000nam a2200000Ia 4500
=008  150128s9999||||xx\||||||||||||||\||und||
=041  \\$a國 語
=100  \\$a李錦綸
=245  \\$a永活上帝生命主
=260  \\$a台北
=260  \\$b中福
=300  \\$a348

