=LDR  00000nam a2200000Ia 4500
=008  150128s9999||||xx\||||||||||||||\||und||
=041  \\$a國 語
=100  \\$a莫子奮
=245  \\$a涼水集   三
=260  \\$aFlushing New york
=260  \\$b中華歸主
=300  \\$a326

