=LDR  00000nam a2200000Ia 4500
=008  150128s9999||||xx\||||||||||||||\||und||
=041  \\$a國 語
=100  \\$a愛華福音傳道會
=245  \\$a莫失勿忘
=260  \\$a紐約
=260  \\$bAiwah mission new york
=300  \\$a315

