=LDR  00000nam a2200000Ia 4500
=008  150128s9999||||xx\||||||||||||||\||und||
=041  \\$a國 語
=100  \\$aCCRC
=245  \\$a中國教會的末世觀
=260  \\$a臺北
=260  \\$b中福
=300  \\$a180

