=LDR  00000nam a2200000Ia 4500
=008  150128s9999||||xx\||||||||||||||\||und||
=041  \\$a國 語
=100  \\$a"Carothers, M r."
=245  \\$a從監獄到讚美
=260  \\$a臺北
=260  \\$b以琳
=300  \\$a126

