=LDR  00000nam a2200000Ia 4500
=008  150128s9999||||xx\||||||||||||||\||und||
=100  \\$aMcDowell
=245  \\$a新鐵證待判
=260  \\$a867
=260  \\$b福音證?2004

