=LDR  00000nam a2200000Ia 4500
=008  150128s9999||||xx\||||||||||||||\||und||
=041  \\$a國 語
=100  \\$aLeadership Ministries Worldwide
=245  \\$a聖 經 大 綱 與 講 義
=260  \\$a美國
=260  \\$b國際教牧
=300  \\$a1484

