=LDR  00000nam a2200000Ia 4500
=008  150128s9999||||xx\||||||||||||||\||und||
=041  \\$a國 語
=100  \\$aH.Cloud J. Townsend
=245  \\$a界線對談
=260  \\$a加州
=260  \\$b台福
=300  \\$a360

