=LDR  00000nam a2200000Ia 4500
=008  150128s9999||||xx\||||||||||||||\||und||
=041  \\$a國 語
=100  \\$a黃小石
=245  \\$a真理的追尋
=260  \\$a臺北
=260  \\$b宇宙光
=300  \\$a175

