=LDR  00000nam a2200000Ia 4500
=008  150128s9999||||xx\||||||||||||||\||und||
=041  \\$a國 語
=100  \\$a遠志明等著
=245  \\$a撲向夢   以求的故鄉
=260  \\$a加州
=260  \\$b中信
=300  \\$a132

