=LDR  00000nam a2200000Ia 4500
=008  150128s9999||||xx\||||||||||||||\||und||
=041  \\$a國 語
=100  \\$a"Hybels, Bill"
=245  \\$a對主忠誠 ?
=260  \\$a香 港
=260  \\$b基 道 書 樓
=300  \\$a308

