=LDR  00000nam a2200000Ia 4500
=008  150128s9999||||xx\||||||||||||||\||und||
=041  \\$a國 語
=100  \\$a"V.R, Edman"
=245  \\$a人 生 的 操 練--修 訂 本
=260  \\$a香 港
=260  \\$b福 音 證 主
=300  \\$a167

