=LDR  00000nam a2200000Ia 4500
=008  150128s9999||||xx\||||||||||||||\||und||
=041  \\$a國 語
=100  \\$a陳 終 道
=245  \\$a由 初 信 到 成 長
=260  \\$a香 港
=260  \\$b宣 道
=300  \\$a139

