=LDR  00000nam a2200000Ia 4500
=008  150128s9999||||xx\||||||||||||||\||und||
=041  \\$a國 語
=100  \\$a程 真
=245  \\$a美 夢 成 真
=260  \\$a臺 北
=260  \\$b救 世 傳 播
=300  \\$a0

