=LDR  00000nam a2200000Ia 4500
=008  150128s9999||||xx\||||||||||||||\||und||
=041  \\$a英 語
=100  \\$aWord Inc
=245  \\$aBible Action Songs
=260  \\$aTN USA
=260  \\$bWord Inc

