=LDR  00000nam a2200000Ia 4500
=008  150128s9999||||xx\||||||||||||||\||und||
=041  \\$a英 語
=245  \4$aThe story of Joseph   # 1
=260  \\$aPensilvania
=260  \\$bVision Video
=300  \\$a0

