=LDR  00000nam a2200000Ia 4500
=008  150128s9999||||xx\||||||||||||||\||und||
=041  \\$a國 語
=245  \4$aThe story of Elijah  #4
=260  \\$aPensilvania
=260  \\$bVision Video
=300  \\$a0

