=LDR  00000nam a2200000Ia 4500
=008  150128s9999||||xx\||||||||||||||\||und||
=041  \\$a國 語
=100  \\$a傳神
=245  \\$a無比的愛
=260  \\$a臺北
=260  \\$b浸傳
=300  \\$a0

