=LDR  00000nam a2200000Ia 4500
=008  150128s9999||||xx\||||||||||||||\||und||
=041  \\$a國 語
=100  \\$a王美慧
=245  \\$a新顏
=260  \\$a臺北
=260  \\$b救世傳播
=300  \\$a0

