=LDR  00000nam a2200000Ia 4500
=008  150128s9999||||xx\||||||||||||||\||und||
=041  \\$a國 語
=100  \\$a梁燕城
=245  \\$a尋訪東西哲學境界
=260  \\$a臺北
=260  \\$b宇宙光
=300  \\$a271

