=LDR  00000nam a2200000Ia 4500
=008  150128s9999||||xx\||||||||||||||\||und||
=041  \\$a國 語
=100  \\$a徐月貴姊妹等
=245  \\$a新生傳奇 ( 一，二輯   )
=260  \\$a臺北
=260  \\$b靈糧堂
=300  \\$a0

