=LDR  00000nam a2200000Ia 4500
=008  150128s9999||||xx\||||||||||||||\||und||
=041  \\$a國 語
=100  \\$a董凱莉姊妹 等
=245  \\$a"新生傳奇 ( 十五 , 十 六  輯)"
=260  \\$a臺北
=260  \\$b靈糧堂
=300  \\$a0

