=LDR  00000nam a2200000Ia 4500
=008  150128s9999||||xx\||||||||||||||\||und||
=041  \\$a國 語
=245  \\$a為什麼 一定要信耶穌
=260  \\$a臺北
=260  \\$b基督盤石之家
=300  \\$a0

