=LDR  00000nam a2200000Ia 4500
=008  150128s9999||||xx\||||||||||||||\||und||
=041  \\$a國 語
=245  \\$a"耶穌快 再來, 我們準備好了嗎? (3)"
=260  \\$a臺北
=260  \\$b基督盤石之家
=300  \\$a0

