=LDR  00000nam a2200000Ia 4500
=008  150128s9999||||xx\||||||||||||||\||und||
=245  \\$a耶穌快再來 我們準備好了嗎 ?(  4)
=260  \\$a0
=260  \\$b基督盤石之家

