=LDR  00000nam a2200000Ia 4500
=008  150128s9999||||xx\||||||||||||||\||und||
=041  \\$a英 語
=100  \\$awIntegrity Music Inc
=245  \\$aLOVE Intrumental
=260  \\$aAlabama
=260  \\$bUSA
=300  \\$a0

