=LDR  00000nam a2200000Ia 4500
=008  150128s9999||||xx\||||||||||||||\||und||
=041  \\$a國 語
=100  \\$a賴鴻毅
=245  \\$a台 灣是寶   ( 演奏  專 輯 )
=260  \\$a台北
=260  \\$b民進教會
=300  \\$a0

