=LDR  00000nam a2200000Ia 4500
=008  150128s9999||||xx\||||||||||||||\||und||
=041  \\$a國 語
=100  \\$a張陳微童
=245  \\$a我必不撇下你
=260  \\$a臺北
=260  \\$b天恩
=300  \\$a203

