=LDR  00000nam a2200000Ia 4500
=008  150128s9999||||xx\||||||||||||||\||und||
=041  \\$a英 語
=100  \\$aTaweeLoos & Co. Ent.
=245  \\$aSplit-Loss and Found
=260  \\$aUSA
=260  \\$bBHP
=300  \\$a0

