=LDR  00000nam a2200000Ia 4500
=008  150128s9999||||xx\||||||||||||||\||und||
=041  \\$a英 語
=100  \\$aDavid White
=245  \\$aSecond Glance
=260  \\$aUSA
=260  \\$bRich Christiano Films
=300  \\$a0

