=LDR  00000nam a2200000Ia 4500
=008  150128s9999||||xx\||||||||||||||\||und||
=041  \\$a英 語
=100  \\$aJesus Filmes proj.
=245  \4$aThe Story iof JESUS for Children
=260  \\$aCalifornia
=260  \\$bThe Jesus Filmes Project
=300  \\$a0

