=LDR  00000nam a2200000Ia 4500
=008  150128s9999||||xx\||||||||||||||\||und||
=041  \\$a國 語
=100  \\$a遠志明
=245  \\$a在人間走天路  ( 二)
=260  \\$a加州
=260  \\$b神州傳福
=300  \\$a0

