=LDR  00000nam a2200000Ia 4500
=008  150128s9999||||xx\||||||||||||||\||und||
=041  \\$a國 語
=100  \\$a"Hamilton, Victor P."
=245  \\$a摩西五經導論
=260  \\$a台北
=260  \\$b中華福神
=300  \\$a479

