=LDR  00000nam a2200000Ia 4500
=008  150128s9999||||xx\||||||||||||||\||und||
=041  \\$a國 語
=100  \\$a紐約靈命進深會
=245  \\$a神永遠的旨意
=260  \\$a紐約
=260  \\$b靈進
=300  \\$a206

