=LDR  00000nam a2200000Ia 4500
=008  150128s9999||||xx\||||||||||||||\||und||
=041  \\$a國 語
=100  \\$a"Dobson,  James C."
=245  \\$aHOW TO PREPARE FOR ADOLESCENCE
=260  \\$aCalifornia
=260  \\$bWord Life Ware Video
=300  \\$a0

