=LDR  00000nam a2200000Ia 4500
=008  150128s9999||||xx\||||||||||||||\||und||
=041  \\$a國 語
=100  \\$a"MacArther, John F."
=245  \\$a舌音運動的迷思
=260  \\$a臺灣
=260  \\$b黃敏
=300  \\$a411

