=LDR  00000nam a2200000Ia 4500
=008  150128s9999||||xx\||||||||||||||\||und||
=041  \\$a國 語
=100  \\$a林鶴之
=245  \\$a靈命歷程   中冊
=260  \\$a香港
=260  \\$b天糧
=300  \\$a507

