=LDR  00000nam a2200000Ia 4500
=008  150128s9999||||xx\||||||||||||||\||und||
=041  \\$a國 語
=100  \\$a許隼夫
=245  \\$a來與上帝立新約
=260  \\$a台南
=260  \\$b人光
=300  \\$a198

