=LDR  00000nam a2200000Ia 4500
=008  150128s9999||||xx\||||||||||||||\||und||
=041  \\$a國 語
=100  \\$a許隼夫
=245  \\$a幸福人生的鑰匙
=260  \\$a台南
=260  \\$b人光
=300  \\$a195

