=LDR  00000nam a2200000Ia 4500
=008  150128s9999||||xx\||||||||||||||\||und||
=041  \\$a國 語
=100  \\$a梁秀德
=245  \\$a主啊!   憐憫我
=260  \\$a臺北
=260  \\$b逐家
=300  \\$a218

