=LDR  00000nam a2200000Ia 4500
=008  150128s9999||||xx\||||||||||||||\||und||
=041  \\$a國 語
=100  \\$a"Pollock,John C"
=245  \\$a葛培理傳
=260  \\$a香港
=260  \\$b海天
=300  \\$a245

