=LDR  00000nam a2200000Ia 4500
=008  150128s9999||||xx\||||||||||||||\||und||
=041  \\$a國 語
=100  \\$a丘恩處
=245  \\$a非洲歷險記
=260  \\$a香港
=260  \\$b信義宗書院
=300  \\$a189

