=LDR  00000nam a2200000Ia 4500
=008  150128s9999||||xx\||||||||||||||\||und||
=041  \\$a國 語
=100  \\$a"Lewis, C. S."
=245  \\$a如此基督教
=260  \\$a台南
=260  \\$b東南亞神學院
=300  \\$a174

