=LDR  00000nam a2200000Ia 4500
=008  150128s9999||||xx\||||||||||||||\||und||
=041  \\$a國 語
=100  \\$a臺灣基督長老教會
=245  \\$a她的故事
=260  \\$a臺灣
=260  \\$b基督長老教會婦女事工
=300  \\$a188

