=LDR  00000nam a2200000Ia 4500
=008  150128s9999||||xx\||||||||||||||\||und||
=041  \\$a國 語
=100  \\$a王國顯
=245  \\$a更美之約的中保 ( 希伯來 書  )
=260  \\$a香港
=260  \\$b晨星
=300  \\$a181

