=LDR  00000nam a2200000Ia 4500
=008  150128s9999||||xx\||||||||||||||\||und||
=041  \\$a國 語
=100  \\$a丘放河
=245  \\$a入廠修理
=260  \\$a香港
=260  \\$b紐約神學
=300  \\$a171

