=LDR  00000nam a2200000Ia 4500
=008  150128s9999||||xx\||||||||||||||\||und||
=041  \\$a國 語
=100  \\$aHOME OF GRACE OF CHRIST'S WORKER
=245  \\$a伴偶查經概要
=260  \\$a美國
=260  \\$bHGCW
=300  \\$a876

