=LDR  00000nam a2200000Ia 4500
=008  150128s9999||||xx\||||||||||||||\||und||
=041  \\$a國 語
=100  \\$a"Silvoso, Ed"
=245  \\$a商場恩膏
=260  \\$a臺北
=260  \\$b天恩
=300  \\$a214

