=LDR  00000nam a2200000Ia 4500
=008  150128s9999||||xx\||||||||||||||\||und||
=041  \\$a國 語
=100  \\$a"Grahamm,Bill"
=245  \\$a天天有盼望
=260  \\$a臺北
=260  \\$b校園
=300  \\$a403

