=LDR  00000nam a2200000Ia 4500
=008  150128s9999||||xx\||||||||||||||\||und||
=041  \\$a國 語
=100  \\$a"Silvoso,Joel"
=245  \\$a活出美好
=260  \\$a臺北
=260  \\$b保羅文化
=300  \\$a381

