=LDR  00000nam a2200000Ia 4500
=008  150128s9999||||xx\||||||||||||||\||und||
=041  \\$a國 語
=100  \\$a鄭麗津
=245  \\$a基督徒      佛教徒
=260  \\$a台北
=260  \\$b中華信義神學院
=300  \\$a7

