=LDR  00000nam a2200000Ia 4500
=008  150128s9999||||xx\||||||||||||||\||und||
=041  \\$a國 語
=100  \\$aForst. R.
=245  \\$a問的好
=260  \\$a加州
=260  \\$b美國活泉
=300  \\$a203

