=LDR  00000nam a2200000Ia 4500
=008  150128s9999||||xx\||||||||||||||\||und||
=041  \\$a國 語
=100  \\$a連加恩
=245  \\$a愛呆我家連加恩
=260  \\$a台北
=260  \\$b圓神
=300  \\$a195

