=LDR  00000nam a2200000Ia 4500
=008  150128s9999||||xx\||||||||||||||\||und||
=041  \\$a國 語
=100  \\$a唐崇榮
=245  \\$a上帝的道與歷史的動向 (11    )
=260  \\$a臺北
=260  \\$b中福出版
=300  \\$a0

