=LDR  00000nam a2200000Ia 4500
=008  150128s9999||||xx\||||||||||||||\||und||
=041  \\$a國 語
=100  \\$a唐崇榮
=245  \\$a國度  教會  事奉   (    7 /  8  )
=260  \\$a臺北
=260  \\$b唐崇榮國際佈道團
=300  \\$a0

