=LDR  00000nam a2200000Ia 4500
=008  150128s9999||||xx\||||||||||||||\||und||
=041  \\$a國 語
=245  \\$a莫得為明天憂慮     (  九 ) 台語
=260  \\$a臺北
=260  \\$b救世傳播協會
=300  \\$a0

