=LDR  00000nam a2200000Ia 4500
=008  150128s9999||||xx\||||||||||||||\||und||
=041  \\$a國 語
=245  \\$a音樂滿屋
=260  \\$a臺北
=260  \\$b傳神
=300  \\$a0

