=LDR  00000nam a2200000Ia 4500
=008  150128s9999||||xx\||||||||||||||\||und||
=041  \\$a國 語
=100  \\$a葉高芳
=245  \\$a輔導學派與類型  ( 四    四   上)                           /
=260  \\$a加州
=260  \\$b真愛家庭協會
=300  \\$a0

