=LDR  00000nam a2200000Ia 4500
=008  150128s9999||||xx\||||||||||||||\||und||
=041  \\$a國 語
=245  \\$a哦愛! 奇妙的愛(   三  )
=260  \\$a臺北
=260  \\$b台灣大門文化
=300  \\$a0

