=LDR  00000nam a2200000Ia 4500
=008  150128s9999||||xx\||||||||||||||\||und||
=041  \\$a國 語
=245  \\$a我家鄉親在那邊 (七 )
=260  \\$a臺北
=260  \\$b台灣大門文化
=300  \\$a0

