=LDR  00000nam a2200000Ia 4500
=008  150128s9999||||xx\||||||||||||||\||und||
=041  \\$a國 語
=245  \\$a好戲登場
=260  \\$a臺北
=260  \\$b亞東劇團
=300  \\$a0

