=LDR  00000nam a2200000Ia 4500
=008  150128s9999||||xx\||||||||||||||\||und||
=041  \\$a國 語
=100  \\$a曾欽崇
=245  \\$a惟恩主指引我的腳步
=260  \\$a加州
=260  \\$b曾欽崇
=300  \\$a248

