=LDR  00000nam a2200000Ia 4500
=008  150128s9999||||xx\||||||||||||||\||und||
=041  \\$a國 語
=100  \\$a范學德
=245  \\$a夢中山河
=260  \\$a臺北
=260  \\$b道聲
=300  \\$a326

