=LDR  00000nam a2200000Ia 4500
=008  150128s9999||||xx\||||||||||||||\||und||
=041  \\$a國 語
=100  \\$a"Wright, Norman H."
=245  \\$a溝通  @ 工作
=260  \\$a臺北
=260  \\$b雅歌
=300  \\$a246

