=LDR  00000nam a2200000Ia 4500
=008  150128s9999||||xx\||||||||||||||\||und||
=041  \\$a國 語
=100  \\$a"Swindoll, Charles R."
=245  \\$a僕人領袖
=260  \\$a臺北
=260  \\$b中國學園傳道會
=300  \\$a248

