=LDR  00000nam a2200000Ia 4500
=008  150128s9999||||xx\||||||||||||||\||und||
=041  \\$a國 語
=100  \\$a范學德
=245  \\$a走近心靈
=260  \\$a加州
=260  \\$b海外校園
=300  \\$a158

