=LDR  00000nam a2200000Ia 4500
=008  150128s9999||||xx\||||||||||||||\||und||
=041  \\$a國 語
=100  \\$a"Boice, James M."
=245  \\$a雅各書的信息  我信  然後呢
=260  \\$a加州
=260  \\$b基道
=300  \\$a100

