=LDR  00000nam a2200000Ia 4500
=008  150128s9999||||xx\||||||||||||||\||und||
=041  \\$a國 語
=100  \\$a申樂道
=245  \\$a雅各書注釋
=260  \\$a臺北
=260  \\$b中國主日學
=300  \\$a91

