=LDR  00000nam a2200000Ia 4500
=008  150128s9999||||xx\||||||||||||||\||und||
=041  \\$a國 語
=245  \\$a知難而退 - 迎向亞洲宣教挑戰
=260  \\$a香港
=260  \\$b海外基督使團
=300  \\$a184

