=LDR  00000nam a2200000Ia 4500
=008  150128s9999||||xx\||||||||||||||\||und||
=100  \\$a"COWMAN, C. E."
=245  \\$a谷中清泉
=260  \\$a327
=260  \\$b浸信會?1980

