=LDR  00000nam a2200000Ia 4500
=008  150128s9999||||xx\||||||||||||||\||und||
=041  \\$a國 語
=100  \\$a"BORTHWICK, PAUL"
=245  \\$a如何暸解青少年
=260  \\$a臺北
=260  \\$b大光書房
=300  \\$a115

