=LDR  00000nam a2200000Ia 4500
=008  150128s9999||||xx\||||||||||||||\||und||
=041  \\$a國 語
=100  \\$a蔡元雲
=245  \\$a塑造21世紀年輕人
=260  \\$a香港
=260  \\$b突破
=300  \\$a368

