=LDR  00000nam a2200000Ia 4500
=008  150128s9999||||xx\||||||||||||||\||und||
=041  \\$a國 語
=100  \\$a天城合唱團
=245  \\$a沙頂的腳印
=260  \\$a臺北
=260  \\$b天城合唱團
=300  \\$a0

