=LDR  00000nam a2200000Ia 4500
=008  150128s9999||||xx\||||||||||||||\||und||
=041  \\$a國 語
=100  \\$a蔡佩真
=245  \\$a家人吸毒怎麼辦 ?
=260  \\$a台北
=260  \\$b晨曦出版社
=300  \\$a191

