=LDR  00000nam a2200000Ia 4500
=008  150128s9999||||xx\||||||||||||||\||und||
=041  \\$a國 語
=100  \\$a李文茹
=245  \\$a黑海中的晨曦
=260  \\$a台北
=260  \\$b晨曦
=300  \\$a212

