=LDR  00000nam a2200000Ia 4500
=008  150128s9999||||xx\||||||||||||||\||und||
=041  \\$a國 語
=100  \\$a"Shedd, Charile w."
=245  \\$a致偉立書
=260  \\$a台北
=260  \\$b證主
=300  \\$a226

