=LDR  00000nam a2200000Ia 4500
=008  150128s9999||||xx\||||||||||||||\||und||
=041  \\$a國 語
=100  \\$a"Christensen, Max L."
=245  \\$a轉捩點
=260  \\$a台北
=260  \\$b雅歌
=300  \\$a140

