=LDR  00000nam a2200000Ia 4500
=008  150128s9999||||xx\||||||||||||||\||und||
=041  \\$a國 語
=100  \\$a使者文選
=245  \\$a人生四部曲
=260  \\$a台北
=260  \\$b基督使者協會
=300  \\$a230

