=LDR  00000nam a2200000Ia 4500
=008  150128s9999||||xx\||||||||||||||\||und||
=041  \\$a國 語
=245  \\$aEvery day with God
=260  \\$aUSA
=260  \\$b"World Publishing, Inc."
=300  \\$a527

