=LDR  00000nam a2200000Ia 4500
=008  150128s9999||||xx\||||||||||||||\||und||
=041  \\$a國 語
=245  \4$aThe children's Beble
=260  \\$aUSA
=260  \\$bGolden
=300  \\$a510

