=LDR  00000nam a2200000Ia 4500
=008  150128s9999||||xx\||||||||||||||\||und||
=041  \\$a國 語
=100  \\$a葉仁昌
=245  \\$a近代中國的宗教批
=260  \\$a台北
=260  \\$b雅歌
=300  \\$a106

