=LDR  00000nam a2200000Ia 4500
=008  150128s9999||||xx\||||||||||||||\||und||
=041  \\$a國 語
=100  \\$a"McDowell, Josh"
=245  \\$a本性。風格
=260  \\$a台北
=260  \\$b學園
=300  \\$a160

