=LDR  00000nam a2200000Ia 4500
=008  150128s9999||||xx\||||||||||||||\||und||
=041  \\$a國 語
=100  \\$a張百青
=245  \\$a名曲背後的故事
=260  \\$a台北
=260  \\$b宇宙光
=300  \\$a233

