=LDR  00000nam a2200000Ia 4500
=008  150128s9999||||xx\||||||||||||||\||und||
=041  \\$a國 語
=100  \\$a宋尚節
=245  \\$a靈歷集光
=260  \\$a香港
=260  \\$b恩雨
=300  \\$a340

