=LDR  00000nam a2200000Ia 4500
=008  150128s9999||||xx\||||||||||||||\||und||
=041  \\$a國 語
=245  \\$a基督徒生命的長進
=260  \\$a台北
=260  \\$b中國主日學
=300  \\$a28

