=LDR  00000nam a2200000Ia 4500
=008  150128s9999||||xx\||||||||||||||\||und||
=041  \\$a國 語
=245  \\$a黑暗終結者
=260  \\$a台北
=260  \\$b700  俱樂
=300  \\$a0

