=LDR  00000nam a2200000Ia 4500
=008  150128s9999||||xx\||||||||||||||\||und||
=041  \\$a國 語
=100  \\$a范學德
=245  \\$a摘下有色眼鏡  01/12
=260  \\$a加州
=260  \\$b神州
=300  \\$a0

