=LDR  00000nam a2200000Ia 4500
=008  150128s9999||||xx\||||||||||||||\||und||
=041  \\$a國 語
=100  \\$a劉同蘇 侯君麗
=245  \\$a獻身信仰  中國學人在美國
=260  \\$a加州
=260  \\$b神州
=300  \\$a0

