=LDR  00000nam a2200000Ia 4500
=008  150128s9999||||xx\||||||||||||||\||und||
=041  \\$a國 語
=100  \\$a趙莉
=245  \\$a人生的目地在於榮耀神  一
=260  \\$a加州
=260  \\$b神州
=300  \\$a0

