=LDR  00000nam a2200000Ia 4500
=008  150128s9999||||xx\||||||||||||||\||und||
=041  \\$a國 語
=100  \\$a劉同蘇
=245  \\$a遮在人生窗口上的簾子
=260  \\$a加州
=260  \\$b神州
=300  \\$a0

