=LDR  00000nam a2200000Ia 4500
=008  150128s9999||||xx\||||||||||||||\||und||
=041  \\$a國 語
=100  \\$a侯君麗
=245  \\$a你愛我比這些更深嗎?
=260  \\$a加州
=260  \\$b神州
=300  \\$a0

