=LDR  00000nam a2200000Ia 4500
=008  150128s9999||||xx\||||||||||||||\||und||
=041  \\$a國 語
=245  \\$a呼喚  ( 4 )
=260  \\$a加州
=260  \\$b神州
=300  \\$a0

