=LDR  00000nam a2200000Ia 4500
=008  150128s9999||||xx\||||||||||||||\||und||
=041  \\$a國 語
=100  \\$a"Gudgel, David"
=245  \\$a同居物語
=260  \\$a台北
=260  \\$b雅歌
=300  \\$a0

