=LDR  00000nam a2200000Ia 4500
=008  150128s9999||||xx\||||||||||||||\||und||
=041  \\$a國 語
=100  \\$a"Ross, Allen P."
=245  \\$a創造與祝福。創世記注釋與信息
=260  \\$a台北
=260  \\$b校園
=300  \\$a947

