=LDR  00000nam a2200000Ia 4500
=008  150128s9999||||xx\||||||||||||||\||und||
=041  \\$a國 語
=100  \\$a"Little, Paul E."
=245  \\$a你 信 什 麼
=260  \\$a九 龍
=260  \\$b種 籽
=300  \\$a161p.

