=LDR  00000nam a2200000Ia 4500
=008  150128s9999||||xx\||||||||||||||\||und||
=041  \\$a國 語
=245  \\$a荒 漠 甘 泉  (  新版 )
=260  \\$a香 港
=260  \\$b道聲
=300  \\$a438

