=LDR  00000nam a2200000Ia 4500
=008  150128s9999||||xx\||||||||||||||\||und||
=041  \\$a國 語
=100  \\$a基山育幼
=245  \\$a原唱之美
=260  \\$a高雄
=260  \\$b基督教山地育幼
=300  \\$a0

