=LDR  00000nam a2200000Ia 4500
=008  150128s9999||||xx\||||||||||||||\||und||
=041  \\$a國 語
=100  \\$aILL
=245  \\$a揭開生命之奧秘
=260  \\$a美國
=260  \\$b宇宙光
=300  \\$a262

