=LDR  00000nam a2200000Ia 4500
=008  150128s9999||||xx\||||||||||||||\||und||
=041  \\$a國 語
=100  \\$a"Colson, C. &  Pearcey, N."
=245  \\$a世界觀的故事
=260  \\$a台北
=260  \\$b校園
=300  \\$a716

