=LDR  00000nam a2200000Ia 4500
=008  150128s9999||||xx\||||||||||||||\||und||
=041  \\$a國 語
=100  \\$a"MEYER, JOYCE"
=245  \\$a點舌成金
=260  \\$a台北
=260  \\$b以琳
=300  \\$a219

