=LDR  00000nam a2200000Ia 4500
=008  150128s9999||||xx\||||||||||||||\||und||
=041  \\$a國 語
=100  \\$a"Daman, Glenn"
=245  \\$a牧養小型教會
=260  \\$a台北
=260  \\$b道聲
=300  \\$a318

