=LDR  00000nam a2200000Ia 4500
=008  150128s9999||||xx\||||||||||||||\||und||
=041  \\$a國 語
=245  \\$a愛的頌歌 奧古斯丁
=260  \\$a香港
=260  \\$b海天書樓
=300  \\$a232

