=LDR  00000nam a2200000Ia 4500
=008  150128s9999||||xx\||||||||||||||\||und||
=041  \\$a國 語
=100  \\$a劉志雄
=245  \\$a合神心意的家庭 (  上  )
=260  \\$a台北
=260  \\$b米迦勒傳播
=300  \\$a0

