=LDR  00000nam a2200000Ia 4500
=008  150128s9999||||xx\||||||||||||||\||und||
=041  \\$a國 語
=100  \\$a劉志雄主持
=245  \\$a第一個神蹟
=260  \\$a台北
=260  \\$b米迦勒傳播
=300  \\$a0

