=LDR  00000nam a2200000Ia 4500
=008  150128s9999||||xx\||||||||||||||\||und||
=041  \\$a國 語
=100  \\$a王國華
=245  \\$a撥開烏雲見光明
=260  \\$a台北
=260  \\$b米迦勒傳播
=300  \\$a0

