=LDR  00000nam a2200000Ia 4500
=008  150128s9999||||xx\||||||||||||||\||und||
=041  \\$a國 語
=100  \\$a洪予健
=245  \\$a十字架的真義    12
=260  \\$a加州
=260  \\$b神州
=300  \\$a0

