=LDR  00000nam a2200000Ia 4500
=008  150128s9999||||xx\||||||||||||||\||und||
=041  \\$a國 語
=100  \\$a陳宏美
=245  \\$a耶穌再來
=260  \\$a"Dalls, Texas"
=260  \\$bBible Communications.Inc.
=300  \\$a77

