=LDR  00000nam a2200000Ia 4500
=008  150128s9999||||xx\||||||||||||||\||und||
=041  \\$a國 語
=100  \\$a蘇緋雲
=245  \\$a教子成功的秘訣
=260  \\$a美國
=260  \\$b福音證主
=300  \\$a94

