=LDR  00000nam a2200000Ia 4500
=008  150128s9999||||xx\||||||||||||||\||und||
=041  \\$a國 語
=100  \\$agood news
=245  \\$a見證速遞--逆境篇
=260  \\$a香港
=260  \\$b真證傳播
=300  \\$a0

