=LDR  00000nam a2200000Ia 4500
=008  150128s9999||||xx\||||||||||||||\||und||
=041  \\$a國 語
=100  \\$a台福
=245  \\$a聖經是神默示的麼
=260  \\$a台北
=260  \\$b台福書房
=300  \\$a105

