=LDR  00000nam a2200000Ia 4500
=008  150128s9999||||xx\||||||||||||||\||und||
=041  \\$a國 語
=100  \\$a林曾秀芬
=245  \\$a傳承的生命
=260  \\$a加州
=260  \\$b北美愛修更會
=300  \\$a181

