=LDR  00000nam a2200000Ia 4500
=008  150128s9999||||xx\||||||||||||||\||und||
=041  \\$a國 語
=100  \\$a林 曾 秀 芬
=245  \\$a奔 放 的 生 命
=260  \\$a加 州
=260  \\$b北 美 愛 修 更 新 會
=300  \\$a172

