=LDR  00000nam a2200000Ia 4500
=008  150128s9999||||xx\||||||||||||||\||und||
=041  \\$a國 語
=100  \\$a張景祥
=245  \\$a主說 :我是道路，真理。生命  334
=260  \\$aNEW YORK
=260  \\$b恩光
=300  \\$a0

