=LDR  00000nam a2200000Ia 4500
=008  150128s9999||||xx\||||||||||||||\||und||
=041  \\$a國 語
=100  \\$a曾祥新
=245  \\$a士師記
=260  \\$a香港
=260  \\$b天道書樓有限公司
=300  \\$a517

