=LDR  00000nam a2200000Ia 4500
=008  150128s9999||||xx\||||||||||||||\||und||
=041  \\$a國 語
=100  \\$a唐又之
=245  \\$a以賽亞書釋義 (  卷下)
=260  \\$a香港
=260  \\$b浸信會出版社
=300  \\$a394

