=LDR  00000nam a2200000Ia 4500
=008  150128s9999||||xx\||||||||||||||\||und||
=041  \\$a國 語
=100  \\$a"Elwell, walter A"
=245  \\$a新約透析
=260  \\$a香港
=260  \\$b漢語聖經協會
=300  \\$a446

