=LDR  00000nam a2200000Ia 4500
=008  150128s9999||||xx\||||||||||||||\||und||
=041  \\$a國 語
=100  \\$a游宏湘  邱清萍
=245  \\$a教會衝突的處理與重建
=260  \\$a美國
=260  \\$b中信
=300  \\$a271

