=LDR  00000nam a2200000Ia 4500
=008  150128s9999||||xx\||||||||||||||\||und||
=041  \\$a國 語
=100  \\$a梁家麟
=245  \\$a華人傳道與奮興佈道家
=260  \\$a香港
=260  \\$b建道神學院
=300  \\$a232

