=LDR  00000nam a2200000Ia 4500
=008  150128s9999||||xx\||||||||||||||\||und||
=041  \\$a國 語
=100  \\$a李保羅
=245  \\$a舊約聖經  聖經神學及結構分析讀本
=260  \\$a香港
=260  \\$b漢語聖經協會
=300  \\$a235

