=LDR  00000nam a2200000Ia 4500
=008  150128s9999||||xx\||||||||||||||\||und||
=041  \\$a國 語
=245  \\$aNIV kids'club Sing-Along Scripture Song( Proverbs)
=260  \\$aNew Jersey
=260  \\$bBlair Music
=300  \\$a0

