=LDR  00000nam a2200000Ia 4500
=008  150128s9999||||xx\||||||||||||||\||und||
=041  \\$a國 語
=100  \\$a"Sittser, Jerry L."
=245  \\$a出人意外的恩典
=260  \\$a加州
=260  \\$b麥種
=300  \\$a280

