=LDR  00000nam a2200000Ia 4500
=008  150128s9999||||xx\||||||||||||||\||und||
=041  \\$a國 語
=100  \\$a"Arp, David & Claudia"
=245  \\$a婚姻下半場
=260  \\$a加州
=260  \\$b麥種
=300  \\$a334

