=LDR  00000nam a2200000Ia 4500
=008  150128s9999||||xx\||||||||||||||\||und||
=041  \\$a國 語
=100  \\$a"Fee, Gordon"
=245  \\$a腓立比書
=260  \\$a美國
=260  \\$b麥種
=300  \\$a330

