=LDR  00000nam a2200000Ia 4500
=008  150128s9999||||xx\||||||||||||||\||und||
=041  \\$a國 語
=100  \\$a真愛家庭協會
=245  \\$a親情。是一生的珍惜 1
=260  \\$a台北
=260  \\$b天恩出版社
=300  \\$a117

