=LDR  00000nam a2200000Ia 4500
=008  150128s9999||||xx\||||||||||||||\||und||
=041  \\$a國 語
=100  \\$a"Morgan, G.Campbell"
=245  \\$a耶 利 米 書
=260  \\$a美 國
=260  \\$b活 泉
=300  \\$a236p

