=LDR  00000nam a2200000Ia 4500
=008  150128s9999||||xx\||||||||||||||\||und||
=041  \\$a國 語
=100  \\$a"Cowman, Carles E/"
=245  \\$a荒 漠  甘泉 disk 10
=260  \\$a紐約
=260  \\$b盤石有聲事工
=300  \\$a0

