=LDR  00000nam a2200000Ia 4500
=008  150128s9999||||xx\||||||||||||||\||und||
=041  \\$a國 語
=100  \\$a張慕螘
=245  \\$a約書亞記 大時代的屬靈爭戰
=260  \\$a臺灣
=260  \\$b校園書房
=300  \\$a211

