=LDR  00000nam a2200000Ia 4500
=008  150128s9999||||xx\||||||||||||||\||und||
=041  \\$a國 語
=100  \\$aFeiler & Dobbs
=245  \\$aWalking the bible
=260  \\$aU.S.A.
=260  \\$bTMC entertainment
=300  \\$a0

