=LDR  00000nam a2200000Ia 4500
=008  150128s9999||||xx\||||||||||||||\||und||
=041  \\$a國 語
=100  \\$aArchibald t. T.
=245  \\$a活泉新約希臘文解經  卷六
=260  \\$a加州
=260  \\$b美國活泉
=300  \\$a430

