=LDR  00000nam a2200000Ia 4500
=008  150128s9999||||xx\||||||||||||||\||und||
=041  \\$a國 語
=100  \\$a黃瑞西
=245  \\$a屬靈名言寶庫
=260  \\$a加州
=260  \\$b美國榮主出版社
=300  \\$a594

