=LDR  00000nam a2200000Ia 4500
=008  150128s9999||||xx\||||||||||||||\||und||
=041  \\$a國 語
=100  \\$a陳宗清
=245  \\$a馬太福音
=260  \\$a加州
=260  \\$b恩福
=300  \\$a219

