=LDR  00000nam a2200000Ia 4500
=008  150128s9999||||xx\||||||||||||||\||und||
=041  \\$a國 語
=100  \\$aTozer. A.W.
=245  \\$a午夜的復星
=260  \\$a香港
=260  \\$b宣道出版社
=300  \\$a152

