=LDR  00000nam a2200000Ia 4500
=008  150128s9999||||xx\||||||||||||||\||und||
=041  \\$a國 語
=100  \\$a劉遂
=245  \\$a主工人的個性
=260  \\$a台北
=260  \\$b台灣福音書房
=300  \\$a209

