=LDR  00000nam a2200000Ia 4500
=008  150128s9999||||xx\||||||||||||||\||und||
=041  \\$a國 語
=100  \\$a穆亨瑞
=245  \\$a天上的賞賜
=260  \\$a台北
=260  \\$b台灣浸信會出版社
=300  \\$a151

