=LDR  00000nam a2200000Ia 4500
=008  150128s9999||||xx\||||||||||||||\||und||
=041  \\$a國 語
=100  \\$a龔天民
=245  \\$a答佛教人士十問
=260  \\$a台北
=260  \\$b橄欖文化
=300  \\$a64

