=LDR  00000nam a2200000Ia 4500
=008  150128s9999||||xx\||||||||||||||\||und||
=041  \\$a國 語
=100  \\$a唐崇榮
=245  \\$a婚姻  人人都當尊重
=260  \\$a新加坡
=260  \\$b唐崇榮STEMI
=300  \\$a78

