=LDR  00000nam a2200000Ia 4500
=008  150128s9999||||xx\||||||||||||||\||und||
=041  \\$a國 語
=100  \\$aDave & Neta Jackson
=245  \\$aTthe Tunavay's Revenge
=260  \\$a"Minneapolis, Minnesota"
=260  \\$bBethany House Publishers
=300  \\$a141

