=LDR  00000nam a2200000Ia 4500
=008  150128s9999||||xx\||||||||||||||\||und||
=041  \\$a國 語
=100  \\$a"Murray,Andrew"
=245  \\$a內在生活  disk 4
=260  \\$a紐約
=260  \\$b盤石有聲事工
=300  \\$a0

