=LDR  00000nam a2200000Ia 4500
=008  150128s9999||||xx\||||||||||||||\||und||
=041  \\$a國 語
=100  \\$a"Bunyan, John"
=245  \\$a天路歷程  disk  6
=260  \\$a紐約
=260  \\$b盤石有聲事工
=300  \\$a0

