=LDR  00000nam a2200000Ia 4500
=008  150128s9999||||xx\||||||||||||||\||und||
=041  \\$a國 語
=100  \\$a臺灣福音書房
=245  \\$a主工人的性格
=260  \\$a臺灣
=260  \\$b臺灣福音書房
=300  \\$a209

