=LDR  00000nam a2200000Ia 4500
=008  150128s9999||||xx\||||||||||||||\||und||
=041  \\$a國 語
=100  \\$a傅立德
=245  \\$a使徒信經  初信造就
=260  \\$a台北
=260  \\$b真理書房
=300  \\$a222

