=LDR  00000nam a2200000Ia 4500
=008  150128s9999||||xx\||||||||||||||\||und||
=041  \\$a國 語
=100  \\$a"Calvin.,John"
=245  \\$a羅馬人書注釋
=260  \\$a臺灣
=260  \\$b改革宗出版社
=300  \\$a379

