=LDR  00000nam a2200000Ia 4500
=008  150128s9999||||xx\||||||||||||||\||und||
=041  \\$a國 語
=100  \\$a"MILLER, SU"
=245  \\$a最棒的1小時
=260  \\$a臺灣
=260  \\$b中國主日學
=300  \\$a245

