=LDR  00000nam a2200000Ia 4500
=008  150128s9999||||xx\||||||||||||||\||und||
=041  \\$a國 語
=100  \\$a歐煌坤
=245  \\$a中國。勿需懼怕基督福音
=260  \\$a臺灣
=260  \\$b教會公報出版社
=300  \\$a275

