=LDR  00000nam a2200000Ia 4500
=008  150128s9999||||xx\||||||||||||||\||und||
=041  \\$a國 語
=100  \\$a李定武
=245  \\$a作個神國好公民( 一)
=260  \\$a紐澤西
=260  \\$b更新傳道會
=300  \\$a0

