=LDR  00000nam a2200000Ia 4500
=008  150128s9999||||xx\||||||||||||||\||und||
=041  \\$a國 語
=100  \\$a胡慧玲
=245  \\$a開啟孩子的潛能  ( 三  )
=260  \\$a加 州
=260  \\$b真愛家庭協會
=300  \\$a0

