=LDR  00000nam a2200000Ia 4500
=008  150128s9999||||xx\||||||||||||||\||und||
=041  \\$a國 語
=100  \\$a黃子嘉
=245  \\$a羅馬書導論  (1. 2)
=260  \\$a華聖頓州
=260  \\$b士每拿培訊資料中心出版
=300  \\$a0

