=LDR  00000nam a2200000Ia 4500
=008  150128s9999||||xx\||||||||||||||\||und||
=041  \\$a國 語
=100  \\$a胡 慧玲
=245  \\$a管 教 有 方 12 招
=260  \\$a加 州
=260  \\$b真 愛 家 庭 協 會
=300  \\$a143

