=LDR  00000nam a2200000Ia 4500
=008  150128s9999||||xx\||||||||||||||\||und||
=041  \\$a國 語
=100  \\$a李家同
=245  \\$a讓高牆倒下吧
=260  \\$a台北
=260  \\$b聯經出版社
=300  \\$a161

