=LDR  00000nam a2200000Ia 4500
=008  150128s9999||||xx\||||||||||||||\||und||
=041  \\$a國 語
=100  \\$a"hugh, kitson"
=245  \\$a耶路撒冷
=260  \\$a台灣
=260  \\$b提比哩亞
=300  \\$a238

