=LDR  00000nam a2200000Ia 4500
=008  150128s9999||||xx\||||||||||||||\||und||
=041  \\$a國 語
=100  \\$a"Swindoll, Charles R."
=245  \\$a超越平庸
=260  \\$a香港
=260  \\$b福音證主協會
=300  \\$a257

