=LDR  00000nam a2200000Ia 4500
=008  150128s9999||||xx\||||||||||||||\||und||
=041  \\$a國 語
=100  \\$a左坤
=245  \\$a生命之光
=260  \\$a台北
=260  \\$b全備福音
=300  \\$a331

