=LDR  00000nam a2200000Ia 4500
=008  150128s9999||||xx\||||||||||||||\||und||
=041  \\$a國 語
=100  \\$a韓君時
=245  \\$a改變生命的教學
=260  \\$a台北
=260  \\$b中國主日學
=300  \\$a172

