=LDR  00000nam a2200000Ia 4500
=008  150128s9999||||xx\||||||||||||||\||und||
=041  \\$a國 語
=100  \\$a"REYEN, JACOB"
=245  \\$a基督的福音
=260  \\$a台北
=260  \\$b天恩
=300  \\$a95

