=LDR  00000nam a2200000Ia 4500
=008  150128s9999||||xx\||||||||||||||\||und||
=041  \\$a國 語
=100  \\$a"Caughey, Ellen"
=245  \\$a因愛著中國
=260  \\$a北京
=260  \\$b知識炙X版社
=300  \\$a190

