=LDR  00000nam a2200000Ia 4500
=008  150128s9999||||xx\||||||||||||||\||und||
=041  \\$a國 語
=100  \\$a廖明發
=245  \\$a從吃香灰到獻香祭
=260  \\$a台北
=260  \\$b道聲
=300  \\$a238

