=LDR  00000nam a2200000Ia 4500
=008  150128s9999||||xx\||||||||||||||\||und||
=041  \\$a國 語
=245  \\$a一旦錯過今日便將失去明天
=260  \\$a台灣
=260  \\$bwww.last-day.org.tw
=300  \\$a0

