=LDR  00000nam a2200000Ia 4500
=008  150128s9999||||xx\||||||||||||||\||und||
=041  \\$a國 語
=100  \\$aFritsch Charles T.
=245  \\$a創世記
=260  \\$a台灣
=260  \\$b人光出版社
=300  \\$a210

