=LDR  00000nam a2200000Ia 4500
=008  150128s9999||||xx\||||||||||||||\||und||
=041  \\$a國 語
=100  \\$a"Rust, Eric C."
=245  \\$a士師記路得記撒母耳記
=260  \\$a台灣
=260  \\$b人光
=300  \\$a271

