=LDR  00000nam a2200000Ia 4500
=008  150128s9999||||xx\||||||||||||||\||und||
=041  \\$a國 語
=100  \\$a"Kuist, Howard Tillman"
=245  \\$a耶利米書耶利米哀歌
=260  \\$a台灣
=260  \\$b人光
=300  \\$a265

