=LDR  00000nam a2200000Ia 4500
=008  150128s9999||||xx\||||||||||||||\||und||
=041  \\$a國 語
=100  \\$a"Howie, Carl E."
=245  \\$a以西結書但以理書
=260  \\$a台灣
=260  \\$b人光
=300  \\$a256

