=LDR  00000nam a2200000Ia 4500
=008  150128s9999||||xx\||||||||||||||\||und||
=041  \\$a國 語
=100  \\$a"Myers, Jacob M."
=245  \\$a何西阿書約珥書阿摩司書俄巴底亞約拿書
=260  \\$a台灣
=260  \\$b人光
=300  \\$a317

