=LDR  00000nam a2200000Ia 4500
=008  150128s9999||||xx\||||||||||||||\||und||
=041  \\$a國 語
=100  \\$a"Gailey, Jr., james H."
=245  \\$a彌迦書那鴻書哈巴谷書西番雅書哈該書撒迦利亞書瑪拉基書
=260  \\$a台灣
=260  \\$b人光
=300  \\$a258

