=LDR  00000nam a2200000Ia 4500
=008  150128s9999||||xx\||||||||||||||\||und||
=041  \\$a國 語
=100  \\$a"De Dietrich, Suzanne"
=245  \\$a馬太福音
=260  \\$a台灣
=260  \\$b人光
=300  \\$a261

