=LDR  00000nam a2200000Ia 4500
=008  150128s9999||||xx\||||||||||||||\||und||
=041  \\$a國 語
=100  \\$a"Miller, Donald G."
=245  \\$a路加福音
=260  \\$a台灣
=260  \\$b人光
=300  \\$a313

