=LDR  00000nam a2200000Ia 4500
=008  150128s9999||||xx\||||||||||||||\||und||
=041  \\$a國 語
=100  \\$a"Hunter, Arcbibald M."
=245  \\$a加拉太書以弗所書腓立比歌羅西書
=260  \\$a台灣
=260  \\$b人光
=300  \\$a261

