=LDR  00000nam a2200000Ia 4500
=008  150128s9999||||xx\||||||||||||||\||und||
=041  \\$a國 語
=100  \\$a"Rolston, Holmes"
=245  \\$a帖撒羅尼迦前後書提摩太前後書提多腓利門書
=260  \\$a台灣
=260  \\$b人光
=300  \\$a223

