=LDR  00000nam a2200000Ia 4500
=008  150128s9999||||xx\||||||||||||||\||und||
=041  \\$a國 語
=100  \\$a"Bowman, John Wick"
=245  \\$a希伯來書雅各書彼得前書
=260  \\$a台灣
=260  \\$b人光
=300  \\$a335

