=LDR  00000nam a2200000Ia 4500
=008  150128s9999||||xx\||||||||||||||\||und||
=041  \\$a國 語
=100  \\$a"Love, Julian Price"
=245  \\$a約翰一二三書猶大書啟示錄
=260  \\$a台灣
=260  \\$b人光
=300  \\$a229

