=LDR  00000nam a2200000Ia 4500
=008  150128s9999||||xx\||||||||||||||\||und||
=041  \\$a國 語
=100  \\$a艾理遜
=245  \\$a出埃及記注釋
=260  \\$a台北
=260  \\$b基督教文藝出版社
=300  \\$a219

