=LDR  00000nam a2200000Ia 4500
=008  150128s9999||||xx\||||||||||||||\||und||
=041  \\$a國 語
=100  \\$a紀博遜 John C. L. Gibson
=245  \\$a約伯記注釋
=260  \\$a台北
=260  \\$b基督教文藝出版社
=300  \\$a370

