=LDR  00000nam a2200000Ia 4500
=008  150128s9999||||xx\||||||||||||||\||und||
=041  \\$a國 語
=100  \\$a艾特坎Kenneth T. Aitken
=245  \\$a箴言注釋
=260  \\$a台北
=260  \\$b基督教文藝出版社
=300  \\$a345

