=LDR  00000nam a2200000Ia 4500
=008  150128s9999||||xx\||||||||||||||\||und||
=041  \\$a國 語
=100  \\$a戴衛遜Robert Davidson
=245  \\$a傳道書雅歌注釋
=260  \\$a_香港
=260  \\$b基督教文藝出版社
=300  \\$a203

