=LDR  00000nam a2200000Ia 4500
=008  150128s9999||||xx\||||||||||||||\||und||
=041  \\$a國 語
=100  \\$a戴衛遜 Robert Davidson
=245  \\$a耶利米書注釋 下冊
=260  \\$a香港
=260  \\$b基督教文藝出版社
=300  \\$a244

