=LDR  00000nam a2200000Ia 4500
=008  150128s9999||||xx\||||||||||||||\||und||
=100  \\$a哈理遜 R. K. Harrison
=245  \\$a利未記注釋
=260  \\$a台灣
=260  \\$b校 園   書房出版社
=300  \\$a276

