=LDR  00000nam a2200000Ia 4500
=008  150128s9999||||xx\||||||||||||||\||und||
=041  \\$a國 語
=100  \\$a柯德納 Derek Kidner
=245  \\$a詩篇注釋上下
=260  \\$a台灣
=260  \\$b校 園   書房出版社
=300  \\$a326

