=LDR  00000nam a2200000Ia 4500
=008  150128s9999||||xx\||||||||||||||\||und||
=041  \\$a國 語
=100  \\$a包德雯 Joyce G. Baldwin
=245  \\$a以斯帖記注釋上下
=260  \\$a台灣
=260  \\$b校 園   書房出版社
=300  \\$a133

