=LDR  00000nam a2200000Ia 4500
=008  150128s9999||||xx\||||||||||||||\||und||
=041  \\$a國 語
=100  \\$a"貝克  Davd W. Baker, T.  Alexander, Bruce Waltke"
=245  \\$a俄巴底亞書約拿書彌迦書注釋
=260  \\$a台灣
=260  \\$b校 園   書房出版社
=300  \\$a238

