=LDR  00000nam a2200000Ia 4500
=008  150128s9999||||xx\||||||||||||||\||und||
=041  \\$a國 語
=100  \\$a"貝克 Davd W. Baker,"
=245  \\$a那鴻書哈巴谷書西番雅書注釋
=260  \\$a台灣
=260  \\$b校 園   書房出版社
=300  \\$a143

