=LDR  00000nam a2200000Ia 4500
=008  150128s9999||||xx\||||||||||||||\||und||
=041  \\$a國 語
=100  \\$a柯 勒 R. Alan Cole
=245  \\$a馬 可 福 音  書 注釋
=260  \\$a台灣
=260  \\$b校 園   書房出版社
=300  \\$a310

