=LDR  00000nam a2200000Ia 4500
=008  150128s9999||||xx\||||||||||||||\||und||
=041  \\$a國 語
=100  \\$a賴 特    Thomas Wright
=245  \\$a歌 羅 西 書 腓 利 門     書  注釋
=260  \\$a台灣
=260  \\$b校 園   書房出版社
=300  \\$a186

