=LDR  00000nam a2200000Ia 4500
=008  150128s9999||||xx\||||||||||||||\||und||
=041  \\$a國 語
=100  \\$a"Colson, charles"
=245  \\$a人生觀  的故事
=260  \\$a中國
=260  \\$b西藏人民出版社
=300  \\$a378

