=LDR  00000nam a2200000Ia 4500
=008  150128s9999||||xx\||||||||||||||\||und||
=041  \\$a國 語
=100  \\$a唐佑之
=245  \\$a以西結書注釋 ( 上)
=260  \\$a香港
=260  \\$b天道書樓
=300  \\$a420

