=LDR  00000nam a2200000Ia 4500
=008  150128s9999||||xx\||||||||||||||\||und||
=041  \\$a國 語
=100  \\$a"Lamberr, David  W"
=245  \\$a章伯斯略傳--不屈的靈魂
=260  \\$a美國
=260  \\$b活泉出版社
=300  \\$a142

