=LDR  00000nam a2200000Ia 4500
=008  150128s9999||||xx\||||||||||||||\||und||
=041  \\$a國 語
=100  \\$a約翰 伍登
=245  \\$a伍登教練
=260  \\$a內蒙古
=260  \\$b內蒙古人民出版社
=300  \\$a290

