=LDR  00000nam a2200000Ia 4500
=008  150128s9999||||xx\||||||||||||||\||und||
=041  \\$a國 語
=100  \\$aWilliam Barclay
=245  \\$a提摩太提多書腓力門書注釋
=260  \\$a香港
=260  \\$b基督教文藝
=300  \\$a345

