=LDR  00000nam a2200000Ia 4500
=008  150128s9999||||xx\||||||||||||||\||und||
=041  \\$a國 語
=100  \\$a黃錫培
=245  \\$a捨命的愛
=260  \\$a美國
=260  \\$b中信
=300  \\$a484

