=LDR  00000nam a2200000Ia 4500
=008  150128s9999||||xx\||||||||||||||\||und||
=041  \\$a國 語
=100  \\$a薩姆威爾曼
=245  \\$a斑揚傳
=260  \\$a中國
=260  \\$b華夏
=300  \\$a221

