=LDR  00000nam a2200000Ia 4500
=008  150128s9999||||xx\||||||||||||||\||und||
=041  \\$a國 語
=100  \\$abalmor.kelly
=245  \\$a以斯拉記 尼圻? 以斯帖  約伯記
=260  \\$a台北
=260  \\$b人光
=300  \\$a274

