=LDR  00000nam a2200000Ia 4500
=008  150128s9999||||xx\||||||||||||||\||und||
=041  \\$a國 語
=100  \\$a蔣忠
=245  \\$a榮耀的十字架
=260  \\$a台北
=260  \\$b伊勒夏代祈禱

