=LDR  00000nam a2200000Ia 4500
=008  150128s9999||||xx\||||||||||||||\||und||
=041  \\$a國 語
=100  \\$a藝人讚美團
=245  \\$a生命之歌-讚美特輯
=260  \\$a台北
=260  \\$b國際聖讀經讚美

