=LDR  00000nam a2200000Ia 4500
=008  150128s9999||||xx\||||||||||||||\||und||
=041  \\$a國 語
=100  \\$a陳艾美
=245  \\$a美 麗 人 聲
=260  \\$a台北
=260  \\$b國  際 讀 經

