=LDR  00000nam a2200000Ia 4500
=008  150128s9999||||xx\||||||||||||||\||und||
=041  \\$a國 語
=100  \\$a許 文 龍
=245  \\$a生 命 讚 美 詩 歌
=260  \\$a台北
=260  \\$b國  際 讀 經

