=LDR  00000nam a2200000Ia 4500
=008  150128s9999||||xx\||||||||||||||\||und||
=041  \\$a國 語
=100  \\$a廖 信 惠
=245  \\$a有 人 在 為 你 禱 告
=260  \\$a台北
=260  \\$b國 際 讀 經

