=LDR  00000nam a2200000Ia 4500
=008  150128s9999||||xx\||||||||||||||\||und||
=041  \\$a國 語
=100  \\$a廖 明 發
=245  \\$a人 人 傳 道， 個 人 傳 道 訓 練
=260  \\$a台北
=260  \\$b國  際 讀 經

