=LDR  00000nam a2200000Ia 4500
=008  150128s9999||||xx\||||||||||||||\||und||
=041  \\$a國 語
=100  \\$a布 永 康
=245  \\$a復 興 烈 焰
=260  \\$a美國
=260  \\$bcfan
=300  \\$a0

