=LDR  00000nam a2200000Ia 4500
=008  150128s9999||||xx\||||||||||||||\||und||
=100  \\$a威廉保羅楊
=245  \\$a小屋
=260  \\$a303
=260  \\$b圓神?2009

