=LDR  00000nam a2200000Ia 4500
=008  150128s9999||||xx\||||||||||||||\||und||
=041  \\$a國 語
=100  \\$aMcDowell
=245  \\$a鐵證待判
=260  \\$a台北
=260  \\$b校園
=300  \\$a544

