=LDR  00000nam a2200000Ia 4500
=008  150128s9999||||xx\||||||||||||||\||und||
=100  \\$a台灣長宣
=245  \\$a福音天軍降寶島
=260  \\$a317
=260  \\$b基督豕洈?1993

