=LDR  00000nam a2200000Ia 4500
=008  150128s9999||||xx\||||||||||||||\||und||
=041  \\$a英 語
=245  \4$aThe Picture Bible Dictionary
=260  \\$aUsa
=260  \\$bDavid C. Publishing Co
=300  \\$a387

