=LDR  00000nam a2200000Ia 4500
=008  150128s9999||||xx\||||||||||||||\||und||
=041  \\$a國 語
=100  \\$a"Carson, D & Moo, D"
=245  \\$a21 世紀新約導論
=260  \\$a香港
=260  \\$b天道
=300  \\$a792

