=LDR  00000nam a2200000Ia 4500
=008  150128s9999||||xx\||||||||||||||\||und||
=100  \\$a"Keener,Craig S."
=245  \\$a新約聖經背景注釋
=260  \\$a65
=260  \\$b校韃?2006

