=LDR  00000nam a2200000Ia 4500
=008  150128s9999||||xx\||||||||||||||\||und||
=100  \\$a陳濟民
=245  \\$a十架牧養學
=260  \\$a329
=260  \\$b校韃?2009

