=LDR  00000nam a2200000Ia 4500
=008  150128s9999||||xx\||||||||||||||\||und||
=041  \\$a國 語
=100  \\$a"Guthrie, George H"
=245  \\$a希勃伯來書
=260  \\$a香港
=260  \\$b漢語聖經協會
=300  \\$a475

