=LDR  00000nam a2200000Ia 4500
=008  150128s9999||||xx\||||||||||||||\||und||
=041  \\$a國 語
=100  \\$a播恩
=245  \\$a見證雲集3
=260  \\$a紐約
=260  \\$b播恩傳福
=300  \\$a396

