=LDR  00000nam a2200000Ia 4500
=008  150128s9999||||xx\||||||||||||||\||und||
=041  \\$a國 語
=100  \\$a"Hayford, Jack W."
=245  \\$a歸宿與渴望之地
=260  \\$a加州
=260  \\$b我心旋律
=300  \\$a396

