=LDR  00000nam a2200000Ia 4500
=008  150128s9999||||xx\||||||||||||||\||und||
=041  \\$a國 語
=100  \\$a"Towner, Philip  H."
=245  \\$a提摩太與提多書信  注釋 上
=260  \\$a加州
=260  \\$b美國麥種傳道會
=300  \\$a620

