=LDR  00000nam a2200000Ia 4500
=008  150128s9999||||xx\||||||||||||||\||und||
=041  \\$a國 語
=100  \\$a徐亨
=245  \\$a不老的勇士
=260  \\$a台北
=260  \\$b傳神頻道網

