=LDR  00000nam a2200000Ia 4500
=008  150128s9999||||xx\||||||||||||||\||und||
=041  \\$a國 語
=100  \\$a劉志雄
=245  \\$a約拿書
=260  \\$a香港
=260  \\$b道聲出版社
=300  \\$a126

