=LDR  00000nam a2200000Ia 4500
=008  150128s9999||||xx\||||||||||||||\||und||
=041  \\$a國 語
=100  \\$a蔡張敬玲
=245  \\$a義僕耶穌
=260  \\$a香港
=260  \\$b証道出鈑社
=300  \\$a141

