=LDR  00000nam a2200000Ia 4500
=008  150128s9999||||xx\||||||||||||||\||und||
=041  \\$a國 語
=100  \\$a李天柱等等
=245  \\$a走過..化咒詛為祝福
=260  \\$a台北
=260  \\$b好消息衛星電視台
=300  \\$a0

