=LDR  00000nam a2200000Ia 4500
=008  150128s9999||||xx\||||||||||||||\||und||
=100  \\$a陳建州等等
=245  \\$a態度..變奏的童話
=260  \\$a0
=260  \\$b好消息?2009

