=LDR  00000nam a2200000Ia 4500
=008  150128s9999||||xx\||||||||||||||\||und||
=100  \\$a李蕙瑛等等
=245  \\$a不走音約琴聲..劉三不講古
=260  \\$a0
=260  \\$b好消息?2009

