=LDR  00000nam a2200000Ia 4500
=008  150128s9999||||xx\||||||||||||||\||und||
=041  \\$a國 語
=100  \\$a李建鵬等
=245  \\$a最佳拍檔.壓不扁的野菊花
=260  \\$a台北
=260  \\$b好消息衛星
=300  \\$a0

