=LDR  00000nam a2200000Ia 4500
=008  150128s9999||||xx\||||||||||||||\||und||
=041  \\$a國 語
=100  \\$a沈依婷等
=245  \\$a理性與感性...
=260  \\$a台北
=260  \\$b好消息衛星
=300  \\$a0

