=LDR  00000nam a2200000Ia 4500
=008  150128s9999||||xx\||||||||||||||\||und||
=041  \\$a國 語
=100  \\$a楊牧谷
=245  \\$a再生情緣
=260  \\$a台北
=260  \\$b傳神頻視網
=300  \\$a0

