=LDR  00000nam a2200000Ia 4500
=008  150128s9999||||xx\||||||||||||||\||und||
=100  \\$a靈糧堂
=245  \\$a0
=260  \\$a10
=260  \\$b2005

