=LDR  00000nam a2200000Ia 4500
=008  150128s9999||||xx\||||||||||||||\||und||
=041  \\$a國 語
=245  \\$a茫茫人生. 疼我尋我
=260  \\$a台北
=260  \\$b靈糧堂
=300  \\$a10

