=LDR  00000nam a2200000Ia 4500
=008  150128s9999||||xx\||||||||||||||\||und||
=041  \\$a國 語
=100  \\$a"Gibson, John"
=245  \\$a創世記注釋下冊
=260  \\$a香港
=260  \\$b文藝出版社
=300  \\$a0

