=LDR  00000nam a2200000Ia 4500
=008  150128s9999||||xx\||||||||||||||\||und||
=041  \\$a國 語
=100  \\$a"麥卡瑟MacArthur, John"
=245  \\$a耶穌所傳的福音
=260  \\$a美國
=260  \\$b麥種
=300  \\$a436

