=LDR  00000nam a2200000Ia 4500
=008  150128s9999||||xx\||||||||||||||\||und||
=100  \\$a"Derek, kidner"
=245  \\$a詩篇  (下)
=260  \\$a623
=260  \\$b校園?2003

