=LDR  00000nam a2200000Ia 4500
=008  150128s9999||||xx\||||||||||||||\||und||
=041  \\$a國 語
=100  \\$a"Cole, Alan"
=245  \\$a出埃及記
=260  \\$a香港
=260  \\$b校園
=300  \\$a265

