=LDR  00000nam a2200000Ia 4500
=008  150128s9999||||xx\||||||||||||||\||und||
=041  \\$a國 語
=100  \\$a"VanGemeren, Willem A."
=245  \\$a詩扁  (下)
=260  \\$a加
=260  \\$b美國麥種傳道會
=300  \\$a982

