=LDR  00000nam a2200000Ia 4500
=008  150128s9999||||xx\||||||||||||||\||und||
=041  \\$a國 語
=100  \\$a潘秋松
=245  \\$a啟示錄  1/15
=260  \\$aWashington
=260  \\$b"smyrna Resource centers, inc"

