=LDR  00000nam a2200000Ia 4500
=008  150128s9999||||xx\||||||||||||||\||und||
=041  \\$a國 語
=100  \\$a潘秋松
=245  \\$a啟示祿   6/15
=260  \\$awashington
=260  \\$b"Smyrna ResourcemCenter, inc"
=300  \\$a0

