=LDR  00000nam a2200000Ia 4500
=008  150128s9999||||xx\||||||||||||||\||und||
=041  \\$a國 語
=100  \\$a高約翰
=245  \\$a陌生客.同路人
=260  \\$a加拿大
=260  \\$b恩福協會
=300  \\$a303

