=LDR  00000nam a2200000Ia 4500
=008  150128s9999||||xx\||||||||||||||\||und||
=041  \\$a國 語
=100  \\$a余杰  王怡
=245  \\$a一生一世的仰望
=260  \\$a台北
=260  \\$b基文社
=300  \\$a250

