=LDR  00000nam a2200000Ia 4500
=008  150128s9999||||xx\||||||||||||||\||und||
=041  \\$a國 語
=100  \\$a鍾志邦
=245  \\$a約翰福音注釋 卷上
=260  \\$a香港
=260  \\$b天道
=300  \\$a444

