=LDR  00000nam a2200000Ia 4500
=008  150128s9999||||xx\||||||||||||||\||und||
=041  \\$a國 語
=100  \\$a程松
=245  \\$a另一扇鬥
=260  \\$a台北
=260  \\$b海外校園
=300  \\$a138

