=LDR  00000nam a2200000Ia 4500
=008  150128s9999||||xx\||||||||||||||\||und||
=041  \\$a國 語
=100  \\$a盧俊義
=245  \\$a牧師我有問題
=260  \\$a台南
=260  \\$b人光
=300  \\$a372

