=LDR  00000nam a2200000Ia 4500
=008  150128s9999||||xx\||||||||||||||\||und||
=041  \\$a國 語
=245  \\$a時代信息
=260  \\$aNew York
=260  \\$b靈命進身
=300  \\$a184

