=LDR  00000nam a2200000Ia 4500
=008  150128s9999||||xx\||||||||||||||\||und||
=041  \\$a國 語
=245  \\$a無神論與信仰
=260  \\$a加州
=260  \\$b北美遠東廣播
=300  \\$a0

