=LDR  00000nam a2200000Ia 4500
=008  150128s9999||||xx\||||||||||||||\||und||
=041  \\$a國 語
=100  \\$a宇宙光
=245  \\$a情緒傷害　快樂銀髮族篇
=260  \\$a台北
=260  \\$b宇宙光
=300  \\$a201

