=LDR  00000nam a2200000Ia 4500
=008  150128s9999||||xx\||||||||||||||\||und||
=041  \\$a國 語
=100  \\$a鄭明堂
=245  \\$a主照顧
=260  \\$a台灣
=260  \\$b撒母耳文化

