=LDR  00000nam a2200000Ia 4500
=008  150128s9999||||xx\||||||||||||||\||und||
=041  \\$a國 語
=100  \\$a神州
=245  \\$a天涯浪跡
=260  \\$a加州
=260  \\$b神州
=300  \\$a0

