=LDR  00000nam a2200000Ia 4500
=008  150128s9999||||xx\||||||||||||||\||und||
=041  \\$a國 語
=100  \\$a"Hays, Richard B."
=245  \\$a新 約 倫理 學
=260  \\$a台 灣
=260  \\$b校園
=300  \\$a756

