=LDR  00000nam a2200000Ia 4500
=008  150128s9999||||xx\||||||||||||||\||und||
=041  \\$a國 語
=100  \\$a賴若瀚
=245  \\$a頑石點頭   彼得生平
=260  \\$a香港
=260  \\$b恩谷
=300  \\$a499

