=LDR  00000nam a2200000Ia 4500
=008  150128s9999||||xx\||||||||||||||\||und||
=041  \\$a國 語
=100  \\$aMcDowell. J
=245  \\$a解答你的問題
=260  \\$a北京
=260  \\$b宗教文化
=300  \\$a129

