=LDR  00000nam a2200000Ia 4500
=008  150128s9999||||xx\||||||||||||||\||und||
=041  \\$a國 語
=100  \\$a"Swenson, Richard"
=245  \\$a讓生命留有余地
=260  \\$a中國
=260  \\$b江西人民
=300  \\$a195

