=LDR  00000nam a2200000Ia 4500
=008  150128s9999||||xx\||||||||||||||\||und||
=041  \\$a國 語
=100  \\$a唐巴巴拉
=245  \\$a從棄絕到接納
=260  \\$a台北
=260  \\$b橄欖基金會
=300  \\$a184

