=LDR  00000nam a2200000Ia 4500
=008  150128s9999||||xx\||||||||||||||\||und||
=041  \\$a國 語
=100  \\$a新城
=245  \\$a健康的團契
=260  \\$a紐約
=260  \\$b新城
=300  \\$a0

