=LDR  00000nam a2200000Ia 4500
=008  150128s9999||||xx\||||||||||||||\||und||
=041  \\$a國 語
=100  \\$a盧俊義
=245  \\$a詩篇的信息 (下冊)
=260  \\$a台北
=260  \\$b信福出版社
=300  \\$a258

