=LDR  00000nam a2200000Ia 4500
=008  150128s9999||||xx\||||||||||||||\||und||
=041  \\$a國 語
=100  \\$a華-理克
=245  \\$a新人新心奔標竿
=260  \\$a美國  賓州
=260  \\$b飛鷹phillily publications
=300  \\$a182

