=LDR  00000nam a2200000Ia 4500
=008  150128s9999||||xx\||||||||||||||\||und||
=041  \\$a國 語
=100  \\$a龍維耐
=245  \\$a踏上宣教之路
=260  \\$a台北
=260  \\$b校園
=300  \\$a296

