=LDR  00000nam a2200000Ia 4500
=008  150128s9999||||xx\||||||||||||||\||und||
=041  \\$a國 語
=100  \\$a"Diogenes, Allen"
=245  \\$a當靈修遇見神學
=260  \\$aNew Jersey
=260  \\$b更新傳道會
=300  \\$a246

