=LDR  00000nam a2200000Ia 4500
=008  150128s9999||||xx\||||||||||||||\||und||
=041  \\$a國 語
=100  \\$a蘇文隆
=245  \\$a教會行政管理學
=260  \\$a台北
=260  \\$b華神
=300  \\$a236

