=LDR  00000nam a2200000Ia 4500
=008  150128s9999||||xx\||||||||||||||\||und||
=041  \\$a國 語
=100  \\$a"Warren, Rick"
=245  \\$a發現事工-  直奔標竿
=260  \\$a台北
=260  \\$b雅歌
=300  \\$a119

