=LDR  00000nam a2200000Ia 4500
=008  150128s9999||||xx\||||||||||||||\||und||
=041  \\$a國 語
=100  \\$a"SAUER,  ERICH"
=245  \\$a救贖的曙光
=260  \\$a提比哩亞
=260  \\$b台灣桃園
=300  \\$a355

