=LDR  00000nam a2200000Ia 4500
=008  150128s9999||||xx\||||||||||||||\||und||
=041  \\$a國 語
=100  \\$a黃心潔
=245  \\$a傳神大j能
=260  \\$a臺北
=260  \\$b天恩
=300  \\$a245

