=LDR  00000nam a2200000Ia 4500
=008  150128s9999||||xx\||||||||||||||\||und||
=041  \\$a國 語
=100  \\$a歐世德
=245  \\$a如何建立服事的教會
=260  \\$a台北
=260  \\$b華信神學院
=300  \\$a111

