=LDR  00000nam a2200000Ia 4500
=008  150128s9999||||xx\||||||||||||||\||und||
=041  \\$a國 語
=100  \\$a"Barnett, Mathew"
=245  \\$a不眠不休的教會
=260  \\$a賓州
=260  \\$b飛鷹
=300  \\$a184

