=LDR  00000nam a2200000Ia 4500
=008  150128s9999||||xx\||||||||||||||\||und||
=041  \\$a國 語
=245  \\$a認識真理
=260  \\$a賓州
=260  \\$b基督使著協薈
=300  \\$a239

