=LDR  00000nam a2200000Ia 4500
=008  150128s9999||||xx\||||||||||||||\||und||
=041  \\$a國 語
=100  \\$a"Barth, Karl"
=245  \\$a莫扎特的自由與超驗的蹤跡
=260  \\$a香港
=260  \\$b漢語基都教文研所
=300  \\$a1111

