=LDR  00000nam a2200000Ia 4500
=008  150128s9999||||xx\||||||||||||||\||und||
=041  \\$a國 語
=100  \\$a"EDMAN, V. RAYMOND"
=245  \\$a人生的操練
=260  \\$a香港
=260  \\$b福音證主
=300  \\$a167

