=LDR  00000nam a2200000Ia 4500
=008  150128s9999||||xx\||||||||||||||\||und||
=041  \\$a國 語
=100  \\$a伍溫文
=245  \\$a流淚的禱告
=260  \\$a香港
=260  \\$b紐神學教育
=300  \\$a91

