=LDR  00000nam a2200000Ia 4500
=008  150128s9999||||xx\||||||||||||||\||und||
=041  \\$a國 語
=100  \\$a蘇顊睿
=245  \\$a福音性研經
=260  \\$a香港
=260  \\$b學生福音團契出社
=300  \\$a141

