=LDR  00000nam a2200000Ia 4500
=008  150128s9999||||xx\||||||||||||||\||und||
=041  \\$a國 語
=100  \\$a"STOTT, J. R. W."
=245  \\$a真理的尋索
=260  \\$a香港
=260  \\$b福音証主協會
=300  \\$a137

