=LDR  00000nam a2200000Ia 4500
=008  150128s9999||||xx\||||||||||||||\||und||
=041  \\$a國 語
=100  \\$a俞崇恩
=245  \\$a十字宰路
=260  \\$a"California, USA"
=260  \\$bunkown
=300  \\$a238

