=LDR  00000nam a2200000Ia 4500
=008  150128s9999||||xx\||||||||||||||\||und||
=041  \\$a國 語
=100  \\$a史哈拿　
=245  \\$a信徒快樂秘訣
=260  \\$a香港
=260  \\$b福證主協
=300  \\$a200

