=LDR  00000nam a2200000Ia 4500
=008  150128s9999||||xx\||||||||||||||\||und||
=041  \\$a國 語
=100  \\$a田雅各
=245  \\$a在神手中
=260  \\$a真理書室
=260  \\$b美國
=300  \\$a114

