=LDR  00000nam a2200000Ia 4500
=008  150128s9999||||xx\||||||||||||||\||und||
=041  \\$a國 語
=100  \\$a藤近輝
=245  \\$a八十年代的新挑戰
=260  \\$aNew jersey
=260  \\$b更傳道會
=300  \\$a78

