=LDR  00000nam a2200000Ia 4500
=008  150128s9999||||xx\||||||||||||||\||und||
=041  \\$a國 語
=100  \\$a李饒伯
=245  \\$a聖經大剛
=260  \\$a香港
=260  \\$b道聲
=300  \\$a68

