=LDR  00000nam a2200000Ia 4500
=008  150128s9999||||xx\||||||||||||||\||und||
=041  \\$a國 語
=100  \\$a"Arnat, Elise"
=245  \\$a慈母妙手巧撫
=260  \\$a台北
=260  \\$b橄欖
=300  \\$a160

