=LDR  00000nam a2200000Ia 4500
=008  150128s9999||||xx\||||||||||||||\||und||
=041  \\$a國 語
=245  \\$a神的永遠計劃
=260  \\$a上海
=260  \\$b上海靈工社
=300  \\$a169

