=LDR  00000nam a2200000Ia 4500
=008  150128s9999||||xx\||||||||||||||\||und||
=041  \\$a國 語
=100  \\$a"LaHaye, Tim / Ice, Tomas"
=245  \\$a圖解末世預言
=260  \\$a台北
=260  \\$b聖經資源中心
=300  \\$a140

