=LDR  00000nam a2200000Ia 4500
=008  150128s9999||||xx\||||||||||||||\||und||
=041  \\$a國 語
=100  \\$a"Boon Christian Broc,"
=245  \\$a見証雲集 (  6  )
=260  \\$a紐約
=260  \\$b播福
=300  \\$a344

