=LDR  00000nam a2200000Ia 4500
=008  150128s9999||||xx\||||||||||||||\||und||
=041  \\$a國 語
=100  \\$a倪柝聲
=245  \\$a屬靈操練禮讚
=260  \\$aAnaheim- California
=260  \\$bLiving Stream Ministry
=300  \\$a262

