=LDR  00000nam a2200000Ia 4500
=008  150128s9999||||xx\||||||||||||||\||und||
=041  \\$a國 語
=100  \\$a魏斯比.華倫
=245  \\$a學習作王
=260  \\$a香港
=260  \\$b更新傳道會
=300  \\$a242

