=LDR  00000nam a2200000Ia 4500
=008  150128s9999||||xx\||||||||||||||\||und||
=041  \\$a國 語
=100  \\$a大陸老傳道
=245  \\$a上山之鎖
=260  \\$aAlhambra- California
=260  \\$bChinese Christian Testimony Ministry (CMTM)
=300  \\$a211

