=LDR  00000nam a2200000Ia 4500
=008  150128s9999||||xx\||||||||||||||\||und||
=041  \\$a國 語
=100  \\$a"SCOTT, JOHN R. W."
=245  \\$a十架門徒  -斯托得腞傳
=260  \\$a台北
=260  \\$b校園書房
=300  \\$a350

