=LDR  00000nam a2200000Ia 4500
=008  150128s9999||||xx\||||||||||||||\||und||
=041  \\$a國 語
=100  \\$a戴德理
=245  \\$a從名門到僕人
=260  \\$a台北縣
=260  \\$b基督教橄欗文化事業基金會
=300  \\$a256

