=LDR  00000nam a2200000Ia 4500
=008  150128s9999||||xx\||||||||||||||\||und||
=041  \\$a國 語
=100  \\$a"Cloud, Henry"
=245  \\$a為工作立界限
=260  \\$a台北市
=260  \\$b校園
=300  \\$a371

