=LDR  00000nam a2200000Ia 4500
=008  150128s9999||||xx\||||||||||||||\||und||
=041  \\$a國 語
=100  \\$a施達雄
=245  \\$a做一個好基督徒
=260  \\$a台北
=260  \\$b台灣浸信會
=300  \\$a123

