=LDR  00000nam a2200000Ia 4500
=008  150128s9999||||xx\||||||||||||||\||und||
=041  \\$a國 語
=100  \\$a路易斯
=245  \\$a返璞歸真
=260  \\$a上海
=260  \\$b華東師範大學
=300  \\$a217

