=LDR  00000nam a2200000Ia 4500
=008  150128s9999||||xx\||||||||||||||\||und||
=041  \\$a國 語
=100  \\$a世界號角使命團
=245  \\$a成為合用的器皿  第三冊
=260  \\$a台 北
=260  \\$b基督教全國禱告網洛
=300  \\$a90

