=LDR  00000nam a2200000Ia 4500
=008  150128s9999||||xx\||||||||||||||\||und||
=041  \\$a國 語
=100  \\$a.
=245  \\$a細麻布﹕是騙人的把戲還是耶穌復活的證據？
=260  \\$a台灣
=260  \\$b傳神
=300  \\$a0

