=LDR  00000nam a2200000Ia 4500
=008  150128s9999||||xx\||||||||||||||\||und||
=041  \\$a國 語
=100  \\$a陳 慧 君
=245  \\$a一 張 奇 妙 的 保 單
=260  \\$a台 灣
=260  \\$b傳 神
=300  \\$a40M.

