=LDR  00000nam a2200000Ia 4500
=008  150128s9999||||xx\||||||||||||||\||und||
=041  \\$a國 語
=100  \\$a更新傳道會
=245  \\$a約翰翰福音陪讀
=260  \\$a臺北
=260  \\$b更新傳道會
=300  \\$a128

