=LDR  00000nam a2200000Ia 4500
=008  150128s9999||||xx\||||||||||||||\||und||
=041  \\$a國 語
=100  \\$a"HEITLER, SUSAN"
=245  \\$a愛就是鼻彼此珍惜
=260  \\$a中國
=260  \\$b江西人民*出版社
=300  \\$a253

