=LDR  00000nam a2200000Ia 4500
=008  150128s9999||||xx\||||||||||||||\||und||
=041  \\$a國 語
=100  \\$a張修齊
=245  \\$a聖經的研讀與教育
=260  \\$a澳洲
=260  \\$b基道出版社
=300  \\$a203

