=LDR  00000nam a2200000Ia 4500
=008  150128s9999||||xx\||||||||||||||\||und||
=041  \\$a國 語
=100  \\$a老夏與可樂
=245  \\$a白族情
=260  \\$a香港
=260  \\$bc i m i
=300  \\$a154

