=LDR  00000nam a2200000Ia 4500
=008  150128s9999||||xx\||||||||||||||\||und||
=041  \\$a國 語
=100  \\$a盛曉玫
=245  \\$a就在這裡
=260  \\$aCA 91765-7451 USA
=260  \\$b泥土音樂
=300  \\$a0

