=LDR  00000nam a2200000Ia 4500
=008  150128s9999||||xx\||||||||||||||\||und||
=041  \\$a國 語
=100  \\$a"Carson, D.A."
=245  \\$a馬太福音
=260  \\$a台北
=260  \\$b麥種
=300  \\$a1133

