=LDR  00000nam a2200000Ia 4500
=008  150128s9999||||xx\||||||||||||||\||und||
=041  \\$a國 語
=245  \\$a新約希臘文解經
=260  \\$a加州
=260  \\$b美國活泉
=300  \\$a730

