=LDR  00000nam a2200000Ia 4500
=008  150128s9999||||xx\||||||||||||||\||und||
=041  \\$a國 語
=100  \\$aVaughan. Curtis
=245  \\$a雅各書
=260  \\$a香港
=260  \\$b天道
=300  \\$a142

