=LDR  00000nam a2200000Ia 4500
=008  150128s9999||||xx\||||||||||||||\||und||
=041  \\$a國 語
=100  \\$a"Stuart, Douglas"
=245  \\$a聖經導論  : 按卷讀經
=260  \\$a上海
=260  \\$b上海人民出版社
=300  \\$a368

