=LDR  00000nam a2200000Ia 4500
=008  150128s9999||||xx\||||||||||||||\||und||
=041  \\$a國 語
=100  \\$a陳李潁
=245  \\$a釐定個人目標
=260  \\$a銀
=260  \\$b福音証主
=300  \\$a120

