=LDR  00000nam a2200000Ia 4500
=008  150128s9999||||xx\||||||||||||||\||und||
=041  \\$a國 語
=100  \\$a"keys,Sharrel"
=245  \\$a如何帶領小組查經
=260  \\$a台北
=260  \\$b更新傳道會
=300  \\$a52

