=LDR  00000nam a2200000Ia 4500
=008  150128s9999||||xx\||||||||||||||\||und||
=041  \\$a國 語
=100  \\$a"Brestin, Dee"
=245  \\$a耶穌是誰(七課)
=260  \\$a台北
=260  \\$b更新傳道會
=300  \\$a64

