=LDR  00000nam a2200000Ia 4500
=008  150128s9999||||xx\||||||||||||||\||und||
=041  \\$a國 語
=100  \\$aFromer / Keys
=245  \\$a禱告的源泉   (八課 )
=260  \\$a台北
=260  \\$b更新傳道會
=300  \\$a70

