=LDR  00000nam a2200000Ia 4500
=008  150128s9999||||xx\||||||||||||||\||und||
=041  \\$a國 語
=100  \\$a"Hahn, Ellen"
=245  \\$a任重道遠(十二課)
=260  \\$a台北
=260  \\$b更新傳道會
=300  \\$a62

