=LDR  00000nam a2200000Ia 4500
=008  150128s9999||||xx\||||||||||||||\||und||
=041  \\$a國 語
=100  \\$a"Castleman, Robbie"
=245  \\$a合神心意的人 下 (十二課)
=260  \\$a台北
=260  \\$b更新傳道會
=300  \\$a60

