=LDR  00000nam a2200000Ia 4500
=008  150128s9999||||xx\||||||||||||||\||und||
=041  \\$a國 語
=100  \\$a"Christensen, Chuck & Winnie"
=245  \\$a保羅的生命與事奉 (十五課)
=260  \\$a台北
=260  \\$b更新傳道會
=300  \\$a62

