=LDR  00000nam a2200000Ia 4500
=008  150128s9999||||xx\||||||||||||||\||und||
=041  \\$a國 語
=100  \\$a"Hunt, Gladys M"
=245  \\$a了解人性的神 (十五課)
=260  \\$a台北
=260  \\$b更新傳道會
=300  \\$a86

