=LDR  00000nam a2200000Ia 4500
=008  150128s9999||||xx\||||||||||||||\||und||
=041  \\$a國 語
=100  \\$a"Fromer, Margaret & Keyes, Sharrel"
=245  \\$a與神同行 (十五課)
=260  \\$a台北
=260  \\$b更新傳道會
=300  \\$a81

