=LDR  00000nam a2200000Ia 4500
=008  150128s9999||||xx\||||||||||||||\||und||
=041  \\$a國 語
=100  \\$a微言 李文蔚
=245  \\$a科學與信仰
=260  \\$a新家坡
=260  \\$b逐家
=300  \\$a132

