=LDR  00000nam a2200000Ia 4500
=008  150128s9999||||xx\||||||||||||||\||und||
=100  \\$a盧俊義
=245  \\$a馬可福音　下
=260  \\$a338
=260  \\$b信福出版社?2012

