=LDR  00000nam a2200000Ia 4500
=008  150128s9999||||xx\||||||||||||||\||und||
=041  \\$a國 語
=100  \\$a更新傳道
=245  \\$a真自由
=260  \\$a臺北
=260  \\$b校園書房
=300  \\$a102

