=LDR  00000nam a2200000Ia 4500
=008  150128s9999||||xx\||||||||||||||\||und||
=100  \\$a盧俊義
=245  \\$a誰能救我脫離生命的苦難
=260  \\$a206
=260  \\$b信福出版社?2014

