=LDR  00000nam a2200000Ia 4500
=008  150128s9999||||xx\||||||||||||||\||und||
=041  \\$a國 語
=100  \\$a馬丁路德
=245  \\$a基督信仰小問答和解釋
=260  \\$a"Michigan, USA"
=260  \\$bLHF misssions.org
=300  \\$a296

