=LDR  00000nam a2200000Ia 4500
=008  150128s9999||||xx\||||||||||||||\||und||
=041  \\$a國 語
=100  \\$a"Colson, Charles"
=245  \\$a人生觀的故事
=260  \\$a四川
=260  \\$b西藏人民出版社
=300  \\$a378

