=LDR  00000nam a2200000Ia 4500
=008  150128s9999||||xx\||||||||||||||\||und||
=041  \\$a國 語
=100  \\$a商志擁
=245  \\$a快樂童年 好E Q
=260  \\$a台北
=260  \\$b大和書報圖書股份有限公司
=300  \\$a184

