=LDR  00000nam a2200000Ia 4500
=008  150128s9999||||xx\||||||||||||||\||und||
=041  \\$a國 語
=100  \\$a"/SWARTLEY, KEITH"
=245  \\$a走 進伊斯蘭世界
=260  \\$a台北
=260  \\$b美國書念人書房
=300  \\$a608

