=LDR  00000nam a2200000Ia 4500
=008  150128s9999||||xx\||||||||||||||\||und||
=041  \\$a國 語
=100  \\$a薛玉光
=245  \\$a僕人的操練
=260  \\$a台北
=260  \\$b校園書房
=300  \\$a265

