=LDR  00000nam a2200000Ia 4500
=008  150128s9999||||xx\||||||||||||||\||und||
=041  \\$a國 語
=100  \\$a揚天民
=245  \\$a中國的少數民族
=260  \\$a台北
=260  \\$b協傳培訊中心
=300  \\$a467

