=LDR  00000nam a2200000Ia 4500
=008  150128s9999||||xx\||||||||||||||\||und||
=041  \\$a國 語
=100  \\$a愛德華韋爾契
=245  \\$a成癮的聖經輔導觀
=260  \\$a台北
=260  \\$b中華福音神學院
=300  \\$a320

