=LDR  00000nam a2200000Ia 4500
=008  150128s9999||||xx\||||||||||||||\||und||
=041  \\$a國 語
=100  \\$a商志雍
=245  \\$a上帝的心理輔導q&a
=260  \\$a台北
=260  \\$b新城

