=LDR  00000nam a2200000Ia 4500
=008  150128s9999||||xx\||||||||||||||\||und||
=041  \\$a國 語
=100  \\$a牟維華
=245  \\$a唱的聖經-祈禱e心
=260  \\$a台北
=260  \\$b積智

