=LDR  00000nam a2200000Ia 4500
=008  150128s9999||||xx\||||||||||||||\||und||
=041  \\$a國 語
=100  \\$a"Pawson, David  Rev"
=245  \\$a新約縱覽  ( 三 / 9 )
=260  \\$a台北
=260  \\$bGood TV
=300  \\$a0

